[
  {
    "date": "2024-06-30",
    "symbol": "UMC",
    "reportedCurrency": "TWD",
    "cik": "0001033767",
    "fillingDate": "2024-08-09",
    "acceptedDate": "2024-08-09 06:02:53",
    "calendarYear": "2024",
    "period": "Q2",
    "revenue": 56799290000,
    "costOfRevenue": 37602709000,
    "grossProfit": 19196581000,
    "grossProfitRatio": 0.3379722,
    "researchAndDevelopmentExpenses": 3852638000,
    "generalAndAdministrativeExpenses": 1804398000,
    "sellingAndMarketingExpenses": 677652000,
    "sellingGeneralAndAdministrativeExpenses": 1671683000,
    "otherExpenses": -219172000,
    "operatingExpenses": 6091792000,
    "costAndExpenses": 42907858000,
    "interestIncome": 1059375000,
    "interestExpense": 394950000,
    "depreciationAndAmortization": 11117080000,
    "ebitda": 24755377000,
    "ebitdaratio": 0.4358395501,
    "operatingIncome": 13891432000,
    "operatingIncomeRatio": 0.2445705219,
    "totalOtherIncomeExpensesNet": 1261403000,
    "incomeBeforeTax": 15152835000,
    "incomeBeforeTaxRatio": 0.2667785988,
    "incomeTaxExpense": 2645113000,
    "netIncome": 13786163000,
    "netIncomeRatio": 0.2427171713,
    "eps": 1.1,
    "epsdiluted": 1.1,
    "weightedAverageShsOut": 12532875454,
    "weightedAverageShsOutDil": 12529942000,
    "link": "https://www.sec.gov/Archives/edgar/data/1033767/000129281424003066/0001292814-24-003066-index.htm",
    "finalLink": "https://www.sec.gov/Archives/edgar/data/1033767/000129281424003066/ex99-1.htm"
  },
  {
    "date": "2024-03-31",
    "symbol": "UMC",
    "reportedCurrency": "TWD",
    "cik": "0001033767",
    "fillingDate": "2024-05-14",
    "acceptedDate": "2024-05-14 06:05:08",
    "calendarYear": "2024",
    "period": "Q1",
    "revenue": 54632099000,
    "costOfRevenue": 38521809000,
    "grossProfit": 16110290000,
    "grossProfitRatio": 0.2948868942,
    "researchAndDevelopmentExpenses": 3407407000,
    "generalAndAdministrativeExpenses": 1702018000,
    "sellingAndMarketingExpenses": 683987000,
    "sellingGeneralAndAdministrativeExpenses": 1551335000,
    "otherExpenses": 80916000,
    "operatingExpenses": 4958742000,
    "costAndExpenses": 43480551000,
    "interestIncome": 1071136000,
    "interestExpense": 395087000,
    "depreciationAndAmortization": 10851048000,
    "ebitda": 22002596000,
    "ebitdaratio": 0.4027411797,
    "operatingIncome": 11151548000,
    "operatingIncomeRatio": 0.2041208045,
    "totalOtherIncomeExpensesNet": 955741000,
    "incomeBeforeTax": 12620242000,
    "incomeBeforeTaxRatio": 0.2310041575,
    "incomeTaxExpense": 2291289000,
    "netIncome": 10456142000,
    "netIncomeRatio": 0.1913919141,
    "eps": 0.84,
    "epsdiluted": 0.83,
    "weightedAverageShsOut": 12414088000,
    "weightedAverageShsOutDil": 12577525000,
    "link": "https://www.sec.gov/Archives/edgar/data/1033767/000129281424002052/0001292814-24-002052-index.htm",
    "finalLink": "https://www.sec.gov/Archives/edgar/data/1033767/000129281424002052/ex99-1.htm"
  },
  {
    "date": "2023-12-31",
    "symbol": "UMC",
    "reportedCurrency": "TWD",
    "cik": "0001033767",
    "fillingDate": "2024-03-25",
    "acceptedDate": "2024-03-25 06:07:00",
    "calendarYear": "2023",
    "period": "Q4",
    "revenue": 54958278000,
    "costOfRevenue": 38094029000,
    "grossProfit": 16864249000,
    "grossProfitRatio": 0.3068554841,
    "researchAndDevelopmentExpenses": 3944563000,
    "generalAndAdministrativeExpenses": 1930504000,
    "sellingAndMarketingExpenses": 823235000,
    "sellingGeneralAndAdministrativeExpenses": 1748507000,
    "otherExpenses": 104234000,
    "operatingExpenses": 5693070000,
    "costAndExpenses": 43787099000,
    "interestIncome": 1292691000,
    "interestExpense": 413181000,
    "depreciationAndAmortization": 10672771000,
    "ebitda": 21843950000,
    "ebitdaratio": 0.3974642364,
    "operatingIncome": 11171179000,
    "operatingIncomeRatio": 0.2032665398,
    "totalOtherIncomeExpensesNet": 309054000,
    "incomeBeforeTax": 12732380000,
    "incomeBeforeTaxRatio": 0.2316735615,
    "incomeTaxExpense": 1457076000,
    "netIncome": 11894114000,
    "netIncomeRatio": 0.2164207911,
    "eps": 1.06,
    "epsdiluted": 1.05,
    "weightedAverageShsOut": 12423895198,
    "weightedAverageShsOutDil": 12530000000,
    "link": "https://www.sec.gov/Archives/edgar/data/1033767/000129281424000982/0001292814-24-000982-index.htm",
    "finalLink": "https://www.sec.gov/Archives/edgar/data/1033767/000129281424000982/ex99-1.htm"
  },
  {
    "date": "2023-09-30",
    "symbol": "UMC",
    "reportedCurrency": "TWD",
    "cik": "0001033767",
    "fillingDate": "2023-11-14",
    "acceptedDate": "2023-11-14 06:02:42",
    "calendarYear": "2023",
    "period": "Q3",
    "revenue": 57068867000,
    "costOfRevenue": 36607915000,
    "grossProfit": 20460952000,
    "grossProfitRatio": 0.3585308957,
    "researchAndDevelopmentExpenses": 3255295000,
    "generalAndAdministrativeExpenses": 1729613000,
    "sellingAndMarketingExpenses": 735301000,
    "sellingGeneralAndAdministrativeExpenses": 2464914000,
    "otherExpenses": 1177021000,
    "operatingExpenses": 5279438000,
    "costAndExpenses": 41887353000,
    "interestIncome": 1042421000,
    "interestExpense": 425170000,
    "depreciationAndAmortization": 9877833000,
    "ebitda": 29001832000,
    "ebitdaratio": 0.4963403076,
    "operatingIncome": 15311894000,
    "operatingIncomeRatio": 0.2683055544,
    "totalOtherIncomeExpensesNet": 3336506000,
    "incomeBeforeTax": 18648400000,
    "incomeBeforeTaxRatio": 0.3267701109,
    "incomeTaxExpense": 2682608000,
    "netIncome": 15970917000,
    "netIncomeRatio": 0.2798534094,
    "eps": 1.29,
    "epsdiluted": 1.27,
    "weightedAverageShsOut": 12371130000,
    "weightedAverageShsOutDil": 12566774000,
    "link": "https://www.sec.gov/Archives/edgar/data/1033767/000129281423004638/0001292814-23-004638-index.htm",
    "finalLink": "https://www.sec.gov/Archives/edgar/data/1033767/000129281423004638/ex99-1.htm"
  },
  {
    "date": "2023-06-30",
    "symbol": "UMC",
    "reportedCurrency": "TWD",
    "cik": "0001033767",
    "fillingDate": "2023-08-22",
    "acceptedDate": "2023-08-22 06:05:30",
    "calendarYear": "2023",
    "period": "Q2",
    "revenue": 56296408000,
    "costOfRevenue": 36044256000,
    "grossProfit": 20252152000,
    "grossProfitRatio": 0.3597414599,
    "researchAndDevelopmentExpenses": 3317365000,
    "generalAndAdministrativeExpenses": 1714722000,
    "sellingAndMarketingExpenses": 716305000,
    "sellingGeneralAndAdministrativeExpenses": 2431027000,
    "otherExpenses": 713441000,
    "operatingExpenses": 4734288000,
    "costAndExpenses": 40778544000,
    "interestIncome": 1288293000,
    "interestExpense": 313844000,
    "depreciationAndAmortization": 9878340000,
    "ebitda": 28731008000,
    "ebitdaratio": 0.499884966,
    "operatingIncome": 15674743000,
    "operatingIncomeRatio": 0.2784323824,
    "totalOtherIncomeExpensesNet": 2810753000,
    "incomeBeforeTax": 18485496000,
    "incomeBeforeTaxRatio": 0.3283601327,
    "incomeTaxExpense": 2588823000,
    "netIncome": 15640917000,
    "netIncomeRatio": 0.277831527,
    "eps": 1.27,
    "epsdiluted": 1.25,
    "weightedAverageShsOut": 12348986000,
    "weightedAverageShsOutDil": 12526182000,
    "link": "https://www.sec.gov/Archives/edgar/data/1033767/000129281423003674/0001292814-23-003674-index.htm",
    "finalLink": "https://www.sec.gov/Archives/edgar/data/1033767/000129281423003674/ex99-1.htm"
  },
  {
    "date": "2023-03-31",
    "symbol": "UMC",
    "reportedCurrency": "TWD",
    "cik": "0001033767",
    "fillingDate": "2023-05-15",
    "acceptedDate": "2023-05-15 06:05:05",
    "calendarYear": "2023",
    "period": "Q1",
    "revenue": 54209447000,
    "costOfRevenue": 34985007000,
    "grossProfit": 19224440000,
    "grossProfitRatio": 0.3546326529,
    "researchAndDevelopmentExpenses": 2766607000,
    "generalAndAdministrativeExpenses": 2102198000,
    "sellingAndMarketingExpenses": 950313000,
    "sellingGeneralAndAdministrativeExpenses": 3052511000,
    "otherExpenses": -927366000,
    "operatingExpenses": 4891752000,
    "costAndExpenses": 39876759000,
    "interestIncome": 1229719000,
    "interestExpense": 321534000,
    "depreciationAndAmortization": 9848625000,
    "ebitda": 29352774000,
    "ebitdaratio": 0.5306948068,
    "operatingIncome": 14480698000,
    "operatingIncomeRatio": 0.2671249902,
    "totalOtherIncomeExpensesNet": 4647753000,
    "incomeBeforeTax": 19128451000,
    "incomeBeforeTaxRatio": 0.3528619467,
    "incomeTaxExpense": 2743904000,
    "netIncome": 16183002000,
    "netIncomeRatio": 0.2985273397,
    "eps": 1.31,
    "epsdiluted": 1.28,
    "weightedAverageShsOut": 12348880000,
    "weightedAverageShsOutDil": 12597236000,
    "link": "https://www.sec.gov/Archives/edgar/data/1033767/000129281423002261/0001292814-23-002261-index.htm",
    "finalLink": "https://www.sec.gov/Archives/edgar/data/1033767/000129281423002261/ex99-1.htm"
  },
  {
    "date": "2022-12-31",
    "symbol": "UMC",
    "reportedCurrency": "TWD",
    "cik": "0001033767",
    "fillingDate": "2023-03-20",
    "acceptedDate": "2023-03-20 06:03:28",
    "calendarYear": "2022",
    "period": "Q4",
    "revenue": 67835715000,
    "costOfRevenue": 38711776000,
    "grossProfit": 29123939000,
    "grossProfitRatio": 0.429330464,
    "researchAndDevelopmentExpenses": 3406765000,
    "generalAndAdministrativeExpenses": 2438411000,
    "sellingAndMarketingExpenses": 952700000,
    "sellingGeneralAndAdministrativeExpenses": 3391111000,
    "otherExpenses": -1214674000,
    "operatingExpenses": 5583202000,
    "costAndExpenses": 44294978000,
    "interestIncome": 1000175000,
    "interestExpense": 416381000,
    "depreciationAndAmortization": 10415780000,
    "ebitda": 38948349000,
    "ebitdaratio": 0.5103589164,
    "operatingIncome": 23636775000,
    "operatingIncomeRatio": 0.3484414515,
    "totalOtherIncomeExpensesNet": 4417789000,
    "incomeBeforeTax": 24526141000,
    "incomeBeforeTaxRatio": 0.3615520379,
    "incomeTaxExpense": 5406319000,
    "netIncome": 21348270000,
    "netIncomeRatio": 0.3147054616,
    "eps": 1.54,
    "epsdiluted": 1.48,
    "weightedAverageShsOut": 12358017452,
    "weightedAverageShsOutDil": 12853146264,
    "link": "https://www.sec.gov/Archives/edgar/data/1033767/000129281423001014/0001292814-23-001014-index.htm",
    "finalLink": "https://www.sec.gov/Archives/edgar/data/1033767/000129281423001014/ex99-1.htm"
  },
  {
    "date": "2022-09-30",
    "symbol": "UMC",
    "reportedCurrency": "TWD",
    "cik": "0001033767",
    "fillingDate": "2022-11-15",
    "acceptedDate": "2022-11-15 06:14:48",
    "calendarYear": "2022",
    "period": "Q3",
    "revenue": 75391589000,
    "costOfRevenue": 39727658000,
    "grossProfit": 35663931000,
    "grossProfitRatio": 0.4730492018,
    "researchAndDevelopmentExpenses": 3304471000,
    "generalAndAdministrativeExpenses": 2427887000,
    "sellingAndMarketingExpenses": 1060571000,
    "sellingGeneralAndAdministrativeExpenses": 3488458000,
    "otherExpenses": -1132423000,
    "operatingExpenses": 5660506000,
    "costAndExpenses": 45388164000,
    "interestIncome": 567459000,
    "interestExpense": 428873000,
    "depreciationAndAmortization": 11125687000,
    "ebitda": 43969878000,
    "ebitdaratio": 0.5842410484,
    "operatingIncome": 30157259000,
    "operatingIncomeRatio": 0.4000082688,
    "totalOtherIncomeExpensesNet": 2188449000,
    "incomeBeforeTax": 32345708000,
    "incomeBeforeTaxRatio": 0.4290360295,
    "incomeTaxExpense": 5003346000,
    "netIncome": 26996184000,
    "netIncomeRatio": 0.35807952,
    "eps": 3.78,
    "epsdiluted": 3.78,
    "weightedAverageShsOut": 7132786200,
    "weightedAverageShsOutDil": 7132786200,
    "link": "https://www.sec.gov/Archives/edgar/data/1033767/000129281422004489/0001292814-22-004489-index.htm",
    "finalLink": "https://www.sec.gov/Archives/edgar/data/1033767/000129281422004489/ex99-1.htm"
  },
  {
    "date": "2022-06-30",
    "symbol": "UMC",
    "reportedCurrency": "TWD",
    "cik": "0001033767",
    "fillingDate": "2022-05-24",
    "acceptedDate": "2022-05-24 06:06:16",
    "calendarYear": "2022",
    "period": "Q2",
    "revenue": 72055140000,
    "costOfRevenue": 38582963000,
    "grossProfit": 33472177000,
    "grossProfitRatio": 0.4645355904,
    "researchAndDevelopmentExpenses": 3209359000,
    "generalAndAdministrativeExpenses": 2579376000,
    "sellingAndMarketingExpenses": 915110000,
    "sellingGeneralAndAdministrativeExpenses": 3494486000,
    "otherExpenses": -1077480000,
    "operatingExpenses": 5626365000,
    "costAndExpenses": 44209328000,
    "interestIncome": 285710000,
    "interestExpense": 448291000,
    "depreciationAndAmortization": 11039320000,
    "ebitda": 37133299000,
    "ebitdaratio": 0.5182309548,
    "operatingIncome": 28164004000,
    "operatingIncomeRatio": 0.390867383,
    "totalOtherIncomeExpensesNet": -2586490000,
    "incomeBeforeTax": 25577514000,
    "incomeBeforeTaxRatio": 0.3549714011,
    "incomeTaxExpense": 4087070000,
    "netIncome": 21326816000,
    "netIncomeRatio": 0.2959791071,
    "eps": 8.68,
    "epsdiluted": 8.49,
    "weightedAverageShsOut": 2456695800,
    "weightedAverageShsOutDil": 2510674800,
    "link": "https://www.sec.gov/Archives/edgar/data/1033767/000129281422002451/0001292814-22-002451-index.htm",
    "finalLink": "https://www.sec.gov/Archives/edgar/data/1033767/000129281422002451/ex99-1.htm"
  },
  {
    "date": "2022-03-31",
    "symbol": "UMC",
    "reportedCurrency": "TWD",
    "cik": "0001033767",
    "fillingDate": "2022-05-24",
    "acceptedDate": "2022-05-24 06:06:16",
    "calendarYear": "2022",
    "period": "Q1",
    "revenue": 63422820000,
    "costOfRevenue": 35918490000,
    "grossProfit": 27504330000,
    "grossProfitRatio": 0.4336661473,
    "researchAndDevelopmentExpenses": 3032939000,
    "generalAndAdministrativeExpenses": 2226939000,
    "sellingAndMarketingExpenses": 1254548000,
    "sellingGeneralAndAdministrativeExpenses": 3481487000,
    "otherExpenses": -1236531000,
    "operatingExpenses": 5277895000,
    "costAndExpenses": 41196385000,
    "interestIncome": 168970000,
    "interestExpense": 491766000,
    "depreciationAndAmortization": 11322477000,
    "ebitda": 32122721000,
    "ebitdaratio": 0.5064852209,
    "operatingIncome": 22334187000,
    "operatingIncomeRatio": 0.352147492,
    "totalOtherIncomeExpensesNet": 1313687000,
    "incomeBeforeTax": 23647874000,
    "incomeBeforeTaxRatio": 0.3728606517,
    "incomeTaxExpense": 3582251000,
    "netIncome": 19807535000,
    "netIncomeRatio": 0.3123092761,
    "eps": 8.06,
    "epsdiluted": 7.9,
    "weightedAverageShsOut": 2456695800,
    "weightedAverageShsOutDil": 2506945800,
    "link": "https://www.sec.gov/Archives/edgar/data/1033767/000129281422002451/0001292814-22-002451-index.htm",
    "finalLink": "https://www.sec.gov/Archives/edgar/data/1033767/000129281422002451/ex99-1.htm"
  },
  {
    "date": "2021-12-31",
    "symbol": "UMC",
    "reportedCurrency": "TWD",
    "cik": "0001033767",
    "fillingDate": "2022-04-28",
    "acceptedDate": "2022-04-28 07:02:07",
    "calendarYear": "2021",
    "period": "Q4",
    "revenue": 59099588000,
    "costOfRevenue": 35996244000,
    "grossProfit": 23103344000,
    "grossProfitRatio": 0.3909222514,
    "researchAndDevelopmentExpenses": 3414233000,
    "generalAndAdministrativeExpenses": 2164337000,
    "sellingAndMarketingExpenses": 1239622000,
    "sellingGeneralAndAdministrativeExpenses": 3403959000,
    "otherExpenses": -1750511000,
    "operatingExpenses": 5602199000,
    "costAndExpenses": 41598443000,
    "interestIncome": 153955000,
    "interestExpense": 497025000,
    "depreciationAndAmortization": 11750217000,
    "ebitda": 27181024000,
    "ebitdaratio": 0.4551729362,
    "operatingIncome": 17616305000,
    "operatingIncomeRatio": 0.2980783047,
    "totalOtherIncomeExpensesNet": -2749173000,
    "incomeBeforeTax": 14867132000,
    "incomeBeforeTaxRatio": 0.2515606708,
    "incomeTaxExpense": 3396394000,
    "netIncome": 11415200000,
    "netIncomeRatio": 0.1931519387,
    "eps": 4.7,
    "epsdiluted": 4.62,
    "weightedAverageShsOut": 2441258600,
    "weightedAverageShsOutDil": 2482220200,
    "link": "https://www.sec.gov/Archives/edgar/data/1033767/000119312522125284/0001193125-22-125284-index.htm",
    "finalLink": "https://www.sec.gov/Archives/edgar/data/1033767/000119312522125284/d168667d20f.htm"
  },
  {
    "date": "2021-09-30",
    "symbol": "UMC",
    "reportedCurrency": "TWD",
    "cik": "0001033767",
    "fillingDate": "2021-11-17",
    "acceptedDate": "2021-11-17 06:05:39",
    "calendarYear": "2021",
    "period": "Q3",
    "revenue": 55906677000,
    "costOfRevenue": 35362666000,
    "grossProfit": 20544011000,
    "grossProfitRatio": 0.367469721,
    "researchAndDevelopmentExpenses": 3303295000,
    "generalAndAdministrativeExpenses": 2118592000,
    "sellingAndMarketingExpenses": 1211861000,
    "sellingGeneralAndAdministrativeExpenses": 3330453000,
    "otherExpenses": 852934000,
    "operatingExpenses": 5497757000,
    "costAndExpenses": 40860423000,
    "interestIncome": 152137000,
    "interestExpense": 519496000,
    "depreciationAndAmortization": 11687132000,
    "ebitda": 31724911000,
    "ebitdaratio": 0.5564643915,
    "operatingIncome": 15135136000,
    "operatingIncomeRatio": 0.2707214382,
    "totalOtherIncomeExpensesNet": 4316724000,
    "incomeBeforeTax": 19451860000,
    "incomeBeforeTaxRatio": 0.3479344694,
    "incomeTaxExpense": 2099917000,
    "netIncome": 17460235000,
    "netIncomeRatio": 0.3123103704,
    "eps": 7.15,
    "epsdiluted": 7.05,
    "weightedAverageShsOut": 2441258600,
    "weightedAverageShsOutDil": 2482220200,
    "link": "https://www.sec.gov/Archives/edgar/data/1033767/000129281421004453/0001292814-21-004453-index.htm",
    "finalLink": "https://www.sec.gov/Archives/edgar/data/1033767/000129281421004453/ex99-1.htm"
  },
  {
    "date": "2021-06-30",
    "symbol": "UMC",
    "reportedCurrency": "TWD",
    "cik": "0001033767",
    "fillingDate": "2021-05-05",
    "acceptedDate": "2021-05-05 06:08:24",
    "calendarYear": "2021",
    "period": "Q2",
    "revenue": 50907741000,
    "costOfRevenue": 34999769000,
    "grossProfit": 15907972000,
    "grossProfitRatio": 0.3124863073,
    "researchAndDevelopmentExpenses": 3168316000,
    "generalAndAdministrativeExpenses": 1900665000,
    "sellingAndMarketingExpenses": 1130719000,
    "sellingGeneralAndAdministrativeExpenses": 3031384000,
    "otherExpenses": 636446000,
    "operatingExpenses": 4646999000,
    "costAndExpenses": 39646768000,
    "interestIncome": 153184000,
    "interestExpense": 463001000,
    "depreciationAndAmortization": 11603497000,
    "ebitda": 25328049000,
    "ebitdaratio": 0.4829673153,
    "operatingIncome": 11313098000,
    "operatingIncomeRatio": 0.2222274605,
    "totalOtherIncomeExpensesNet": 1881273000,
    "incomeBeforeTax": 13194371000,
    "incomeBeforeTaxRatio": 0.2591820171,
    "incomeTaxExpense": 1327770000,
    "netIncome": 11943075000,
    "netIncomeRatio": 0.2346023368,
    "eps": 4.9,
    "epsdiluted": 4.8,
    "weightedAverageShsOut": 2441258600,
    "weightedAverageShsOutDil": 2476518600,
    "link": "https://www.sec.gov/Archives/edgar/data/1033767/000129281421002065/0001292814-21-002065-index.htm",
    "finalLink": "https://www.sec.gov/Archives/edgar/data/1033767/000129281421002065/exhibit99_1.htm"
  },
  {
    "date": "2021-03-31",
    "symbol": "UMC",
    "reportedCurrency": "TWD",
    "cik": "0001033767",
    "fillingDate": "2021-05-05",
    "acceptedDate": "2021-05-05 06:08:24",
    "calendarYear": "2021",
    "period": "Q1",
    "revenue": 47097012000,
    "costOfRevenue": 34602710000,
    "grossProfit": 12494302000,
    "grossProfitRatio": 0.2652886344,
    "researchAndDevelopmentExpenses": 3048992000,
    "generalAndAdministrativeExpenses": 1806266000,
    "sellingAndMarketingExpenses": 1089397000,
    "sellingGeneralAndAdministrativeExpenses": 2895663000,
    "otherExpenses": 91351000,
    "operatingExpenses": 4953410000,
    "costAndExpenses": 39556120000,
    "interestIncome": 116443000,
    "interestExpense": 388567000,
    "depreciationAndAmortization": 11833475000,
    "ebitda": 23205111000,
    "ebitdaratio": 0.4529172254,
    "operatingIncome": 7621747000,
    "operatingIncomeRatio": 0.1618307972,
    "totalOtherIncomeExpensesNet": 3361322000,
    "incomeBeforeTax": 10983069000,
    "incomeBeforeTaxRatio": 0.2332009725,
    "incomeTaxExpense": 1094171000,
    "netIncome": 10427915000,
    "netIncomeRatio": 0.2214135156,
    "eps": 4.25,
    "epsdiluted": 4.2,
    "weightedAverageShsOut": 2441258600,
    "weightedAverageShsOutDil": 2476364400,
    "link": "https://www.sec.gov/Archives/edgar/data/1033767/000129281421002065/0001292814-21-002065-index.htm",
    "finalLink": "https://www.sec.gov/Archives/edgar/data/1033767/000129281421002065/exhibit99_1.htm"
  },
  {
    "date": "2020-12-31",
    "symbol": "UMC",
    "reportedCurrency": "TWD",
    "cik": "0001033767",
    "fillingDate": "2021-04-29",
    "acceptedDate": "2021-04-29 06:48:05",
    "calendarYear": "2020",
    "period": "Q4",
    "revenue": 45296353000,
    "costOfRevenue": 34448261000,
    "grossProfit": 10848092000,
    "grossProfitRatio": 0.2394915105,
    "researchAndDevelopmentExpenses": 3193735000,
    "generalAndAdministrativeExpenses": 1967237000,
    "sellingAndMarketingExpenses": 1174535000,
    "sellingGeneralAndAdministrativeExpenses": 3141772000,
    "otherExpenses": 71408000,
    "operatingExpenses": 4849236000,
    "costAndExpenses": 39297497000,
    "interestIncome": 127579000,
    "interestExpense": 405345000,
    "depreciationAndAmortization": 11993041000,
    "ebitda": 18248687000,
    "ebitdaratio": 0.4856959897,
    "operatingIncome": 5614786000,
    "operatingIncomeRatio": 0.1239566903,
    "totalOtherIncomeExpensesNet": 5695124000,
    "incomeBeforeTax": 11233730000,
    "incomeBeforeTaxRatio": 0.248005176,
    "incomeTaxExpense": 344229000,
    "netIncome": 11195504000,
    "netIncomeRatio": 0.247161267,
    "eps": 1.99,
    "epsdiluted": 1.97,
    "weightedAverageShsOut": 2441258600,
    "weightedAverageShsOutDil": 2476364400,
    "link": "https://www.sec.gov/Archives/edgar/data/1033767/000156459021021578/0001564590-21-021578-index.htm",
    "finalLink": "https://www.sec.gov/Archives/edgar/data/1033767/000156459021021578/umc-20f_20201231.htm"
  },
  {
    "date": "2020-09-30",
    "symbol": "UMC",
    "reportedCurrency": "TWD",
    "cik": "0001033767",
    "fillingDate": "2020-11-12",
    "acceptedDate": "2020-11-12 06:05:43",
    "calendarYear": "2020",
    "period": "Q3",
    "revenue": 44870454000,
    "costOfRevenue": 35101185000,
    "grossProfit": 9769269000,
    "grossProfitRatio": 0.2177216437,
    "researchAndDevelopmentExpenses": 3314223000,
    "generalAndAdministrativeExpenses": 1614465000,
    "sellingAndMarketingExpenses": 1009400000,
    "sellingGeneralAndAdministrativeExpenses": 2623865000,
    "otherExpenses": -1213597000,
    "operatingExpenses": 4204085000,
    "costAndExpenses": 39305270000,
    "interestIncome": 144704000,
    "interestExpense": 458860000,
    "depreciationAndAmortization": 12169553000,
    "ebitda": 19416803000,
    "ebitdaratio": 0.432730255,
    "operatingIncome": 7132884000,
    "operatingIncomeRatio": 0.1589661651,
    "totalOtherIncomeExpensesNet": 2073672000,
    "incomeBeforeTax": 9206556000,
    "incomeBeforeTaxRatio": 0.2051808078,
    "incomeTaxExpense": 196968000,
    "netIncome": 9106271000,
    "netIncomeRatio": 0.2029458182,
    "eps": 3.75,
    "epsdiluted": 3.75,
    "weightedAverageShsOut": 2421530200,
    "weightedAverageShsOutDil": 2435912200,
    "link": "https://www.sec.gov/Archives/edgar/data/1033767/000129281420004298/0001292814-20-004298-index.htm",
    "finalLink": "https://www.sec.gov/Archives/edgar/data/1033767/000129281420004298/exhibit99_1.htm"
  },
  {
    "date": "2020-06-30",
    "symbol": "UMC",
    "reportedCurrency": "TWD",
    "cik": "0001033767",
    "fillingDate": "2020-05-12",
    "acceptedDate": "2020-05-12 06:15:20",
    "calendarYear": "2020",
    "period": "Q2",
    "revenue": 44386260000,
    "costOfRevenue": 34128791000,
    "grossProfit": 10257469000,
    "grossProfitRatio": 0.2310955913,
    "researchAndDevelopmentExpenses": 3202675000,
    "generalAndAdministrativeExpenses": 1538899000,
    "sellingAndMarketingExpenses": 928531000,
    "sellingGeneralAndAdministrativeExpenses": 2467430000,
    "otherExpenses": 110143000,
    "operatingExpenses": 4458011000,
    "costAndExpenses": 38586802000,
    "interestIncome": 215012000,
    "interestExpense": 521580000,
    "depreciationAndAmortization": 12248423000,
    "ebitda": 19434020000,
    "ebitdaratio": 0.4342315167,
    "operatingIncome": 5845716000,
    "operatingIncomeRatio": 0.1317010264,
    "totalOtherIncomeExpensesNet": 818301000,
    "incomeBeforeTax": 6664017000,
    "incomeBeforeTaxRatio": 0.1501369343,
    "incomeTaxExpense": 612999000,
    "netIncome": 6680784000,
    "netIncomeRatio": 0.1505146863,
    "eps": 2.75,
    "epsdiluted": 2.7,
    "weightedAverageShsOut": 2438630000,
    "weightedAverageShsOutDil": 2452554800,
    "link": "https://www.sec.gov/Archives/edgar/data/1033767/000129281420001808/0001292814-20-001808-index.htm",
    "finalLink": "https://www.sec.gov/Archives/edgar/data/1033767/000129281420001808/exhibit99_1.htm"
  },
  {
    "date": "2020-03-31",
    "symbol": "UMC",
    "reportedCurrency": "TWD",
    "cik": "0001033767",
    "fillingDate": "2020-05-12",
    "acceptedDate": "2020-05-12 06:15:20",
    "calendarYear": "2020",
    "period": "Q1",
    "revenue": 42267847000,
    "costOfRevenue": 34145576000,
    "grossProfit": 8122271000,
    "grossProfitRatio": 0.1921619287,
    "researchAndDevelopmentExpenses": 3184868000,
    "generalAndAdministrativeExpenses": 1543565000,
    "sellingAndMarketingExpenses": 1039776000,
    "sellingGeneralAndAdministrativeExpenses": 2583341000,
    "otherExpenses": 217542000,
    "operatingExpenses": 4814542000,
    "costAndExpenses": 38960118000,
    "interestIncome": 235352000,
    "interestExpense": 618633000,
    "depreciationAndAmortization": 12497059000,
    "ebitda": 13937568000,
    "ebitdaratio": 0.358666435,
    "operatingIncome": 3414021000,
    "operatingIncomeRatio": 0.0807711119,
    "totalOtherIncomeExpensesNet": -2592145000,
    "incomeBeforeTax": 821876000,
    "incomeBeforeTaxRatio": 0.0194444728,
    "incomeTaxExpense": -408429000,
    "netIncome": 2206930000,
    "netIncomeRatio": 0.0522129741,
    "eps": 0.95,
    "epsdiluted": 0.85,
    "weightedAverageShsOut": 2356587200,
    "weightedAverageShsOutDil": 2617565000,
    "link": "https://www.sec.gov/Archives/edgar/data/1033767/000129281420001808/0001292814-20-001808-index.htm",
    "finalLink": "https://www.sec.gov/Archives/edgar/data/1033767/000129281420001808/exhibit99_1.htm"
  },
  {
    "date": "2019-12-31",
    "symbol": "UMC",
    "reportedCurrency": "TWD",
    "cik": "0001033767",
    "fillingDate": "2020-04-28",
    "acceptedDate": "2020-04-28 06:47:33",
    "calendarYear": "2019",
    "period": "Q4",
    "revenue": 41849058000,
    "costOfRevenue": 34880716000,
    "grossProfit": 6968342000,
    "grossProfitRatio": 0.1665113227,
    "researchAndDevelopmentExpenses": 3452827000,
    "generalAndAdministrativeExpenses": 1603323000,
    "sellingAndMarketingExpenses": 996472000,
    "sellingGeneralAndAdministrativeExpenses": 2599795000,
    "otherExpenses": 452598000,
    "operatingExpenses": 5197226000,
    "costAndExpenses": 40077942000,
    "interestIncome": -11556000,
    "interestExpense": 716030000,
    "depreciationAndAmortization": 12774680000,
    "ebitda": 15526127000,
    "ebitdaratio": 0.3734473545,
    "operatingIncome": 2017591000,
    "operatingIncomeRatio": 0.0482111449,
    "totalOtherIncomeExpensesNet": -175869000,
    "incomeBeforeTax": 2964458000,
    "incomeBeforeTaxRatio": 0.0708369111,
    "incomeTaxExpense": -190909000,
    "netIncome": 3837013000,
    "netIncomeRatio": 0.0916869622,
    "eps": 0.97,
    "epsdiluted": 0.87,
    "weightedAverageShsOut": 2356587200,
    "weightedAverageShsOutDil": 2617565000,
    "link": "https://www.sec.gov/Archives/edgar/data/1033767/000119312520121853/0001193125-20-121853-index.htm",
    "finalLink": "https://www.sec.gov/Archives/edgar/data/1033767/000119312520121853/d820941d20f.htm"
  },
  {
    "date": "2019-09-30",
    "symbol": "UMC",
    "reportedCurrency": "TWD",
    "cik": "0001033767",
    "fillingDate": "2019-07-31",
    "acceptedDate": "2019-07-31 06:15:00",
    "calendarYear": "2019",
    "period": "Q3",
    "revenue": 37738440000,
    "costOfRevenue": 31305920000,
    "grossProfit": 6432520000,
    "grossProfitRatio": 0.1704500769,
    "researchAndDevelopmentExpenses": 2813050000,
    "generalAndAdministrativeExpenses": 1344804000,
    "sellingAndMarketingExpenses": 969734000,
    "sellingGeneralAndAdministrativeExpenses": 2314538000,
    "otherExpenses": 821802000,
    "operatingExpenses": 3923663000,
    "costAndExpenses": 35229583000,
    "interestIncome": 223639000,
    "interestExpense": 747810000,
    "depreciationAndAmortization": 12050050000,
    "ebitda": 14775245000,
    "ebitdaratio": 0.4098730896,
    "operatingIncome": 2508748000,
    "operatingIncomeRatio": 0.0664772577,
    "totalOtherIncomeExpensesNet": -531363000,
    "incomeBeforeTax": 1977385000,
    "incomeBeforeTaxRatio": 0.0523971049,
    "incomeTaxExpense": 38976000,
    "netIncome": 2928678000,
    "netIncomeRatio": 0.0776046387,
    "eps": 1.25,
    "epsdiluted": 1.15,
    "weightedAverageShsOut": 2341648000,
    "weightedAverageShsOutDil": 2609805000,
    "link": "https://www.sec.gov/Archives/edgar/data/1033767/000129281419002593/0001292814-19-002593-index.htm",
    "finalLink": "https://www.sec.gov/Archives/edgar/data/1033767/000129281419002593/exhibit99_1.htm"
  },
  {
    "date": "2019-06-30",
    "symbol": "UMC",
    "reportedCurrency": "TWD",
    "cik": "0001033767",
    "fillingDate": "2019-07-31",
    "acceptedDate": "2019-07-31 06:15:00",
    "calendarYear": "2019",
    "period": "Q2",
    "revenue": 36031184000,
    "costOfRevenue": 30379154000,
    "grossProfit": 5652030000,
    "grossProfitRatio": 0.1568649534,
    "researchAndDevelopmentExpenses": 2787490000,
    "generalAndAdministrativeExpenses": 1250689000,
    "sellingAndMarketingExpenses": 952859000,
    "sellingGeneralAndAdministrativeExpenses": 2203548000,
    "otherExpenses": 409358000,
    "operatingExpenses": 3810079000,
    "costAndExpenses": 34189233000,
    "interestIncome": 251676000,
    "interestExpense": 759981000,
    "depreciationAndAmortization": 12184908000,
    "ebitda": 14088788000,
    "ebitdaratio": 0.40592227,
    "operatingIncome": 1760975000,
    "operatingIncomeRatio": 0.0488736368,
    "totalOtherIncomeExpensesNet": -617076000,
    "incomeBeforeTax": 1143899000,
    "incomeBeforeTaxRatio": 0.0317474719,
    "incomeTaxExpense": 201515000,
    "netIncome": 1740476000,
    "netIncomeRatio": 0.0483047129,
    "eps": 0.75,
    "epsdiluted": 0.7,
    "weightedAverageShsOut": 2363531600,
    "weightedAverageShsOutDil": 2615932400,
    "link": "https://www.sec.gov/Archives/edgar/data/1033767/000129281419002593/0001292814-19-002593-index.htm",
    "finalLink": "https://www.sec.gov/Archives/edgar/data/1033767/000129281419002593/exhibit99_1.htm"
  },
  {
    "date": "2019-03-31",
    "symbol": "UMC",
    "reportedCurrency": "TWD",
    "cik": "0001033767",
    "fillingDate": "2019-05-08",
    "acceptedDate": "2019-05-08 06:33:04",
    "calendarYear": "2019",
    "period": "Q1",
    "revenue": 32582959000,
    "costOfRevenue": 30320879000,
    "grossProfit": 2262080000,
    "grossProfitRatio": 0.0694252477,
    "researchAndDevelopmentExpenses": 2806877000,
    "generalAndAdministrativeExpenses": 1237275000,
    "sellingAndMarketingExpenses": 888545000,
    "sellingGeneralAndAdministrativeExpenses": 2125820000,
    "otherExpenses": 241691000,
    "operatingExpenses": 3844925000,
    "costAndExpenses": 34165804000,
    "interestIncome": -19219000,
    "interestExpense": 709994000,
    "depreciationAndAmortization": 12379897000,
    "ebitda": 11215479000,
    "ebitdaratio": 0.3442130287,
    "operatingIncome": -1597464000,
    "operatingIncomeRatio": -0.0490275914,
    "totalOtherIncomeExpensesNet": 1247359000,
    "incomeBeforeTax": -350105000,
    "incomeBeforeTaxRatio": -0.0107450339,
    "incomeTaxExpense": -442712000,
    "netIncome": 1201447000,
    "netIncomeRatio": 0.0368734773,
    "eps": 0.5,
    "epsdiluted": 0.5,
    "weightedAverageShsOut": 2381741400,
    "weightedAverageShsOutDil": 2647636200,
    "link": "https://www.sec.gov/Archives/edgar/data/1033767/000129281419001775/0001292814-19-001775-index.htm",
    "finalLink": "https://www.sec.gov/Archives/edgar/data/1033767/000129281419001775/exhibit99_1.htm"
  },
  {
    "date": "2018-12-31",
    "symbol": "UMC",
    "reportedCurrency": "TWD",
    "cik": "0001033767",
    "fillingDate": "2019-04-25",
    "acceptedDate": "2019-04-25 06:42:13",
    "calendarYear": "2018",
    "period": "Q4",
    "revenue": 35517201000,
    "costOfRevenue": 30915975000,
    "grossProfit": 4601226000,
    "grossProfitRatio": 0.1295492288,
    "researchAndDevelopmentExpenses": 3745018000,
    "generalAndAdministrativeExpenses": 1456674000,
    "sellingAndMarketingExpenses": 902689000,
    "sellingGeneralAndAdministrativeExpenses": 2359363000,
    "otherExpenses": 398088000,
    "operatingExpenses": 5451037000,
    "costAndExpenses": 36367012000,
    "interestIncome": -14705000,
    "interestExpense": 692410000,
    "depreciationAndAmortization": 12413951000,
    "ebitda": 10453111000,
    "ebitdaratio": 0.3055005658,
    "operatingIncome": -706240000,
    "operatingIncomeRatio": -0.0198844498,
    "totalOtherIncomeExpensesNet": -1947010000,
    "incomeBeforeTax": -2653250000,
    "incomeBeforeTaxRatio": -0.0747032403,
    "incomeTaxExpense": -257855000,
    "netIncome": -1101868000,
    "netIncomeRatio": -0.0310235032,
    "eps": -0.46,
    "epsdiluted": -0.42,
    "weightedAverageShsOut": 2381741400,
    "weightedAverageShsOutDil": 2647636200,
    "link": "https://www.sec.gov/Archives/edgar/data/1033767/000119312519117861/0001193125-19-117861-index.htm",
    "finalLink": "https://www.sec.gov/Archives/edgar/data/1033767/000119312519117861/d603585d20f.htm"
  },
  {
    "date": "2018-09-30",
    "symbol": "UMC",
    "reportedCurrency": "TWD",
    "cik": "0001033767",
    "fillingDate": "2018-11-06",
    "acceptedDate": "2018-11-06 06:05:51",
    "calendarYear": "2018",
    "period": "Q3",
    "revenue": 39386656000,
    "costOfRevenue": 32465029000,
    "grossProfit": 6921627000,
    "grossProfitRatio": 0.1757353303,
    "researchAndDevelopmentExpenses": 3328898000,
    "generalAndAdministrativeExpenses": 1385189000,
    "sellingAndMarketingExpenses": 987158000,
    "sellingGeneralAndAdministrativeExpenses": 2372347000,
    "otherExpenses": 644832000,
    "operatingExpenses": 4477650000,
    "costAndExpenses": 36942679000,
    "interestIncome": -38774000,
    "interestExpense": 697242000,
    "depreciationAndAmortization": 12973245000,
    "ebitda": 16216462000,
    "ebitdaratio": 0.411724773,
    "operatingIncome": 2435434000,
    "operatingIncomeRatio": 0.0618339876,
    "totalOtherIncomeExpensesNet": -1606911000,
    "incomeBeforeTax": 828523000,
    "incomeBeforeTaxRatio": 0.0210356269,
    "incomeTaxExpense": 631665000,
    "netIncome": 1720426000,
    "netIncomeRatio": 0.0436804282,
    "eps": 0.7,
    "epsdiluted": 0.65,
    "weightedAverageShsOut": 2410778400,
    "weightedAverageShsOutDil": 2670991200,
    "link": "https://www.sec.gov/Archives/edgar/data/1033767/000129281418003521/0001292814-18-003521-index.htm",
    "finalLink": "https://www.sec.gov/Archives/edgar/data/1033767/000129281418003521/exhibit99_1.htm"
  },
  {
    "date": "2018-06-30",
    "symbol": "UMC",
    "reportedCurrency": "TWD",
    "cik": "0001033767",
    "fillingDate": "2018-05-10",
    "acceptedDate": "2018-05-10 06:05:23",
    "calendarYear": "2018",
    "period": "Q2",
    "revenue": 38851577000,
    "costOfRevenue": 32176402000,
    "grossProfit": 6675175000,
    "grossProfitRatio": 0.1718122021,
    "researchAndDevelopmentExpenses": 3027043000,
    "generalAndAdministrativeExpenses": 1082458000,
    "sellingAndMarketingExpenses": 1103278000,
    "sellingGeneralAndAdministrativeExpenses": 2185736000,
    "otherExpenses": -6104000,
    "operatingExpenses": 3507854000,
    "costAndExpenses": 35684256000,
    "interestIncome": 204854000,
    "interestExpense": 710042000,
    "depreciationAndAmortization": 13373028000,
    "ebitda": 16806797000,
    "ebitdaratio": 0.4325898277,
    "operatingIncome": 3181131000,
    "operatingIncomeRatio": 0.0818790702,
    "totalOtherIncomeExpensesNet": -1095120000,
    "incomeBeforeTax": 2086011000,
    "incomeBeforeTaxRatio": 0.0536917974,
    "incomeTaxExpense": -330739000,
    "netIncome": 3658779000,
    "netIncomeRatio": 0.094173243,
    "eps": 1.5,
    "epsdiluted": 1.4,
    "weightedAverageShsOut": 2409715000,
    "weightedAverageShsOutDil": 2653772400,
    "link": "https://www.sec.gov/Archives/edgar/data/1033767/000129281418001667/0001292814-18-001667-index.htm",
    "finalLink": "https://www.sec.gov/Archives/edgar/data/1033767/000129281418001667/exhibit99_1.htm"
  },
  {
    "date": "2018-03-31",
    "symbol": "UMC",
    "reportedCurrency": "TWD",
    "cik": "0001033767",
    "fillingDate": "2018-05-10",
    "acceptedDate": "2018-05-10 06:05:23",
    "calendarYear": "2018",
    "period": "Q1",
    "revenue": 37497137000,
    "costOfRevenue": 32855138000,
    "grossProfit": 4641999000,
    "grossProfitRatio": 0.1237960914,
    "researchAndDevelopmentExpenses": 2924180000,
    "generalAndAdministrativeExpenses": 1016585000,
    "sellingAndMarketingExpenses": 908787000,
    "sellingGeneralAndAdministrativeExpenses": 1925372000,
    "otherExpenses": -7870000,
    "operatingExpenses": 3860512000,
    "costAndExpenses": 36715650000,
    "interestIncome": 139453000,
    "interestExpense": 668979000,
    "depreciationAndAmortization": 13288495000,
    "ebitda": 14391945000,
    "ebitdaratio": 0.383814503,
    "operatingIncome": 769392000,
    "operatingIncomeRatio": 0.0205186865,
    "totalOtherIncomeExpensesNet": 1087244000,
    "incomeBeforeTax": 1856636000,
    "incomeBeforeTaxRatio": 0.0495140736,
    "incomeTaxExpense": -1172948000,
    "netIncome": 3400398000,
    "netIncomeRatio": 0.0906842034,
    "eps": 1.4,
    "epsdiluted": 1.3,
    "weightedAverageShsOut": 2440554600,
    "weightedAverageShsOutDil": 2691432200,
    "link": "https://www.sec.gov/Archives/edgar/data/1033767/000129281418001667/0001292814-18-001667-index.htm",
    "finalLink": "https://www.sec.gov/Archives/edgar/data/1033767/000129281418001667/exhibit99_1.htm"
  },
  {
    "date": "2017-12-31",
    "symbol": "UMC",
    "reportedCurrency": "TWD",
    "cik": "0001033767",
    "fillingDate": "2018-04-26",
    "acceptedDate": "2018-04-26 06:11:40",
    "calendarYear": "2017",
    "period": "Q4",
    "revenue": 36630674000,
    "costOfRevenue": 30333014000,
    "grossProfit": 6297660000,
    "grossProfitRatio": 0.1719231265,
    "researchAndDevelopmentExpenses": 3089538000,
    "generalAndAdministrativeExpenses": 1164176000,
    "sellingAndMarketingExpenses": 943818000,
    "sellingGeneralAndAdministrativeExpenses": 2107994000,
    "otherExpenses": -47487000,
    "operatingExpenses": 4369018000,
    "costAndExpenses": 34702032000,
    "interestIncome": 127122000,
    "interestExpense": 668682000,
    "depreciationAndAmortization": 13226896000,
    "ebitda": 15518025000,
    "ebitdaratio": 0.4144829822,
    "operatingIncome": 1900847000,
    "operatingIncomeRatio": 0.0518922202,
    "totalOtherIncomeExpensesNet": -278400000,
    "incomeBeforeTax": 1622447000,
    "incomeBeforeTaxRatio": 0.0442920324,
    "incomeTaxExpense": 381792000,
    "netIncome": 1819015000,
    "netIncomeRatio": 0.0496582454,
    "eps": 0.75,
    "epsdiluted": 0.68,
    "weightedAverageShsOut": 2440554600,
    "weightedAverageShsOutDil": 2691432200,
    "link": "https://www.sec.gov/Archives/edgar/data/1033767/000119312518132616/0001193125-18-132616-index.htm",
    "finalLink": "https://www.sec.gov/Archives/edgar/data/1033767/000119312518132616/d484523d20f.htm"
  },
  {
    "date": "2017-09-30",
    "symbol": "UMC",
    "reportedCurrency": "TWD",
    "cik": "0001033767",
    "fillingDate": "2017-11-14",
    "acceptedDate": "2017-11-14 06:46:23",
    "calendarYear": "2017",
    "period": "Q3",
    "revenue": 37698201000,
    "costOfRevenue": 31105943000,
    "grossProfit": 6592258000,
    "grossProfitRatio": 0.1748692995,
    "researchAndDevelopmentExpenses": 3343194000,
    "generalAndAdministrativeExpenses": 990294000,
    "sellingAndMarketingExpenses": 1070084000,
    "sellingGeneralAndAdministrativeExpenses": 2060378000,
    "otherExpenses": -19806000,
    "operatingExpenses": 4945879000,
    "costAndExpenses": 36051822000,
    "interestIncome": 92873000,
    "interestExpense": 630736000,
    "depreciationAndAmortization": 13486731000,
    "ebitda": 15380738000,
    "ebitdaratio": 0.4079966044,
    "operatingIncome": 1629086000,
    "operatingIncomeRatio": 0.0432138924,
    "totalOtherIncomeExpensesNet": 1236380000,
    "incomeBeforeTax": 2865466000,
    "incomeBeforeTaxRatio": 0.0760106828,
    "incomeTaxExpense": 401548000,
    "netIncome": 3472656000,
    "netIncomeRatio": 0.092117287,
    "eps": 1.4,
    "epsdiluted": 1.3,
    "weightedAverageShsOut": 2441648000,
    "weightedAverageShsOutDil": 2688237600,
    "link": "https://www.sec.gov/Archives/edgar/data/1033767/000129281417002909/0001292814-17-002909-index.htm",
    "finalLink": "https://www.sec.gov/Archives/edgar/data/1033767/000129281417002909/exhibit99_1.htm"
  },
  {
    "date": "2017-06-30",
    "symbol": "UMC",
    "reportedCurrency": "TWD",
    "cik": "0001033767",
    "fillingDate": "2017-05-26",
    "acceptedDate": "2017-05-26 06:04:06",
    "calendarYear": "2017",
    "period": "Q2",
    "revenue": 37537881000,
    "costOfRevenue": 30798491000,
    "grossProfit": 6739390000,
    "grossProfitRatio": 0.1795357069,
    "researchAndDevelopmentExpenses": 3245941000,
    "generalAndAdministrativeExpenses": 1035161000,
    "sellingAndMarketingExpenses": 1049297000,
    "sellingGeneralAndAdministrativeExpenses": 2084458000,
    "otherExpenses": -17827000,
    "operatingExpenses": 5047535000,
    "costAndExpenses": 35846026000,
    "interestIncome": 78832000,
    "interestExpense": 580771000,
    "depreciationAndAmortization": 13093081000,
    "ebitda": 14775865000,
    "ebitdaratio": 0.393625442,
    "operatingIncome": 1667565000,
    "operatingIncomeRatio": 0.0444235251,
    "totalOtherIncomeExpensesNet": 448787000,
    "incomeBeforeTax": 2116352000,
    "incomeBeforeTaxRatio": 0.0563791014,
    "incomeTaxExpense": 638721000,
    "netIncome": 2099007000,
    "netIncomeRatio": 0.0559170348,
    "eps": 0.85,
    "epsdiluted": 0.8,
    "weightedAverageShsOut": 2441648000,
    "weightedAverageShsOutDil": 2676665800,
    "link": "https://www.sec.gov/Archives/edgar/data/1033767/000129281417001450/0001292814-17-001450-index.htm",
    "finalLink": "https://www.sec.gov/Archives/edgar/data/1033767/000129281417001450/exhibit99_1.htm"
  },
  {
    "date": "2017-03-31",
    "symbol": "UMC",
    "reportedCurrency": "TWD",
    "cik": "0001033767",
    "fillingDate": "2017-05-26",
    "acceptedDate": "2017-05-26 06:04:06",
    "calendarYear": "2017",
    "period": "Q1",
    "revenue": 37417950000,
    "costOfRevenue": 29989500000,
    "grossProfit": 7428450000,
    "grossProfitRatio": 0.1985263757,
    "researchAndDevelopmentExpenses": 3990916000,
    "generalAndAdministrativeExpenses": 1050082000,
    "sellingAndMarketingExpenses": 1170631000,
    "sellingGeneralAndAdministrativeExpenses": 2220713000,
    "otherExpenses": -16284000,
    "operatingExpenses": 6031210000,
    "costAndExpenses": 36020710000,
    "interestIncome": 54332000,
    "interestExpense": 526683000,
    "depreciationAndAmortization": 13292138000,
    "ebitda": 14886266000,
    "ebitdaratio": 0.3940587338,
    "operatingIncome": 1370823000,
    "operatingIncomeRatio": 0.0366354383,
    "totalOtherIncomeExpensesNet": -303378000,
    "incomeBeforeTax": 1067445000,
    "incomeBeforeTaxRatio": 0.0285276184,
    "incomeTaxExpense": -429580000,
    "netIncome": 2286020000,
    "netIncomeRatio": 0.0610942075,
    "eps": 0.95,
    "epsdiluted": 0.9,
    "weightedAverageShsOut": 2441648000,
    "weightedAverageShsOutDil": 2683603200,
    "link": "https://www.sec.gov/Archives/edgar/data/1033767/000129281417001450/0001292814-17-001450-index.htm",
    "finalLink": "https://www.sec.gov/Archives/edgar/data/1033767/000129281417001450/exhibit99_1.htm"
  },
  {
    "date": "2016-12-31",
    "symbol": "UMC",
    "reportedCurrency": "TWD",
    "cik": "0001033767",
    "fillingDate": "2017-04-13",
    "acceptedDate": "2017-04-13 07:25:16",
    "calendarYear": "2016",
    "period": "Q4",
    "revenue": 38305939000,
    "costOfRevenue": 29546881000,
    "grossProfit": 8759058000,
    "grossProfitRatio": 0.228660574,
    "researchAndDevelopmentExpenses": 3824235000,
    "generalAndAdministrativeExpenses": 1520636000,
    "sellingAndMarketingExpenses": 1282133000,
    "sellingGeneralAndAdministrativeExpenses": 2802769000,
    "otherExpenses": -3880000,
    "operatingExpenses": 6445504000,
    "costAndExpenses": 35992385000,
    "interestIncome": 67448000,
    "interestExpense": 485887000,
    "depreciationAndAmortization": 13376440000,
    "ebitda": 14803267000,
    "ebitdaratio": 0.4031096588,
    "operatingIncome": 2276135000,
    "operatingIncomeRatio": 0.0594198983,
    "totalOtherIncomeExpensesNet": -1335195000,
    "incomeBeforeTax": 940940000,
    "incomeBeforeTaxRatio": 0.024563815,
    "incomeTaxExpense": 186609000,
    "netIncome": 2853475000,
    "netIncomeRatio": 0.0744917126,
    "eps": 1.17,
    "epsdiluted": 1.06,
    "weightedAverageShsOut": 2441648000,
    "weightedAverageShsOutDil": 2683603200,
    "link": "https://www.sec.gov/Archives/edgar/data/1033767/000119312517122107/0001193125-17-122107-index.htm",
    "finalLink": "https://www.sec.gov/Archives/edgar/data/1033767/000119312517122107/d280541d20f.htm"
  },
  {
    "date": "2016-09-30",
    "symbol": "UMC",
    "reportedCurrency": "TWD",
    "cik": "0001033767",
    "fillingDate": "2016-11-23",
    "acceptedDate": "2016-11-23 06:07:26",
    "calendarYear": "2016",
    "period": "Q3",
    "revenue": 38163589000,
    "costOfRevenue": 29862152000,
    "grossProfit": 8301437000,
    "grossProfitRatio": 0.21752244,
    "researchAndDevelopmentExpenses": 3397032000,
    "generalAndAdministrativeExpenses": 1769225000,
    "sellingAndMarketingExpenses": 1206412000,
    "sellingGeneralAndAdministrativeExpenses": 2975637000,
    "otherExpenses": 4362000,
    "operatingExpenses": 6342616000,
    "costAndExpenses": 36204768000,
    "interestIncome": 50658000,
    "interestExpense": 377176000,
    "depreciationAndAmortization": 12901495000,
    "ebitda": 15229313000,
    "ebitdaratio": 0.3964371904,
    "operatingIncome": 1484984000,
    "operatingIncomeRatio": 0.0389110154,
    "totalOtherIncomeExpensesNet": 465658000,
    "incomeBeforeTax": 1950642000,
    "incomeBeforeTaxRatio": 0.0511126456,
    "incomeTaxExpense": 194443000,
    "netIncome": 2974770000,
    "netIncomeRatio": 0.0779478576,
    "eps": 1.2,
    "epsdiluted": 1.15,
    "weightedAverageShsOut": 2441648000,
    "weightedAverageShsOutDil": 2680446600,
    "link": "https://www.sec.gov/Archives/edgar/data/1033767/000129281416006705/0001292814-16-006705-index.htm",
    "finalLink": "https://www.sec.gov/Archives/edgar/data/1033767/000129281416006705/exhibit99_1.htm"
  },
  {
    "date": "2016-06-30",
    "symbol": "UMC",
    "reportedCurrency": "TWD",
    "cik": "0001033767",
    "fillingDate": "2016-05-11",
    "acceptedDate": "2016-05-11 06:23:27",
    "calendarYear": "2016",
    "period": "Q2",
    "revenue": 36996517000,
    "costOfRevenue": 28711575000,
    "grossProfit": 8284942000,
    "grossProfitRatio": 0.2239384318,
    "researchAndDevelopmentExpenses": 3226461000,
    "generalAndAdministrativeExpenses": 1540514000,
    "sellingAndMarketingExpenses": 1091536000,
    "sellingGeneralAndAdministrativeExpenses": 2632050000,
    "otherExpenses": 8490000,
    "operatingExpenses": 5832397000,
    "costAndExpenses": 34543972000,
    "interestIncome": 76214000,
    "interestExpense": 230168000,
    "depreciationAndAmortization": 13040263000,
    "ebitda": 15069846000,
    "ebitdaratio": 0.4141213077,
    "operatingIncome": 2448905000,
    "operatingIncomeRatio": 0.0661928527,
    "totalOtherIncomeExpensesNet": -649490000,
    "incomeBeforeTax": 1799415000,
    "incomeBeforeTaxRatio": 0.0486374163,
    "incomeTaxExpense": 220563000,
    "netIncome": 2583270000,
    "netIncomeRatio": 0.0698246811,
    "eps": 1.05,
    "epsdiluted": 1,
    "weightedAverageShsOut": 2466977600,
    "weightedAverageShsOutDil": 2692014800,
    "link": "https://www.sec.gov/Archives/edgar/data/1033767/000129281416004602/0001292814-16-004602-index.htm",
    "finalLink": "https://www.sec.gov/Archives/edgar/data/1033767/000129281416004602/exhibit99_1.htm"
  },
  {
    "date": "2016-03-31",
    "symbol": "UMC",
    "reportedCurrency": "TWD",
    "cik": "0001033767",
    "fillingDate": "2016-05-11",
    "acceptedDate": "2016-05-11 06:23:27",
    "calendarYear": "2016",
    "period": "Q1",
    "revenue": 34404079000,
    "costOfRevenue": 29370086000,
    "grossProfit": 5033993000,
    "grossProfitRatio": 0.1463196559,
    "researchAndDevelopmentExpenses": 3084628000,
    "generalAndAdministrativeExpenses": 970435000,
    "sellingAndMarketingExpenses": 1009482000,
    "sellingGeneralAndAdministrativeExpenses": 1979917000,
    "otherExpenses": 82565000,
    "operatingExpenses": 5041502000,
    "costAndExpenses": 34411588000,
    "interestIncome": 99470000,
    "interestExpense": 156352000,
    "depreciationAndAmortization": 12665403000,
    "ebitda": 12851844000,
    "ebitdaratio": 0.3695476632,
    "operatingIncome": -16448000,
    "operatingIncomeRatio": -0.0004780828,
    "totalOtherIncomeExpensesNet": 46537000,
    "incomeBeforeTax": 30089000,
    "incomeBeforeTaxRatio": 0.0008745765,
    "incomeTaxExpense": -49091000,
    "netIncome": 209632000,
    "netIncomeRatio": 0.006093231,
    "eps": 0.1,
    "epsdiluted": 0.1,
    "weightedAverageShsOut": 2481648000,
    "weightedAverageShsOutDil": 2498454200,
    "link": "https://www.sec.gov/Archives/edgar/data/1033767/000129281416004602/0001292814-16-004602-index.htm",
    "finalLink": "https://www.sec.gov/Archives/edgar/data/1033767/000129281416004602/exhibit99_1.htm"
  },
  {
    "date": "2015-12-31",
    "symbol": "UMC",
    "reportedCurrency": "TWD",
    "cik": "0001033767",
    "fillingDate": "2016-04-18",
    "acceptedDate": "2016-04-18 06:11:05",
    "calendarYear": "2015",
    "period": "Q4",
    "revenue": 33849382000,
    "costOfRevenue": 26870049000,
    "grossProfit": 6979333000,
    "grossProfitRatio": 0.2061879003,
    "researchAndDevelopmentExpenses": 3104582000,
    "generalAndAdministrativeExpenses": 916390000,
    "sellingAndMarketingExpenses": 1044513000,
    "sellingGeneralAndAdministrativeExpenses": 1960903000,
    "otherExpenses": 315688000,
    "operatingExpenses": 5063152000,
    "costAndExpenses": 31933201000,
    "interestIncome": 87184000,
    "interestExpense": 105788000,
    "depreciationAndAmortization": 11938231000,
    "ebitda": 14786920000,
    "ebitdaratio": 0.4247727772,
    "operatingIncome": 1879792000,
    "operatingIncomeRatio": 0.0555340124,
    "totalOtherIncomeExpensesNet": 863109000,
    "incomeBeforeTax": 2742901000,
    "incomeBeforeTaxRatio": 0.0810325282,
    "incomeTaxExpense": -133640000,
    "netIncome": 2965307000,
    "netIncomeRatio": 0.0876029878,
    "eps": 1.19,
    "epsdiluted": 1.19,
    "weightedAverageShsOut": 2481648000,
    "weightedAverageShsOutDil": 2498454200,
    "link": "https://www.sec.gov/Archives/edgar/data/1033767/000119312516543756/0001193125-16-543756-index.htm",
    "finalLink": "https://www.sec.gov/Archives/edgar/data/1033767/000119312516543756/d168513d20f.htm"
  },
  {
    "date": "2015-09-30",
    "symbol": "UMC",
    "reportedCurrency": "TWD",
    "cik": "0001033767",
    "fillingDate": "2015-11-13",
    "acceptedDate": "2015-11-13 06:11:42",
    "calendarYear": "2015",
    "period": "Q3",
    "revenue": 35319841000,
    "costOfRevenue": 28409238000,
    "grossProfit": 6910603000,
    "grossProfitRatio": 0.1956578174,
    "researchAndDevelopmentExpenses": 3138555000,
    "generalAndAdministrativeExpenses": 942344000,
    "sellingAndMarketingExpenses": 1045184000,
    "sellingGeneralAndAdministrativeExpenses": 1987528000,
    "otherExpenses": -13302000,
    "operatingExpenses": 5125217000,
    "costAndExpenses": 33534455000,
    "interestIncome": 105378000,
    "interestExpense": 128019000,
    "depreciationAndAmortization": 11591547000,
    "ebitda": 13110757000,
    "ebitdaratio": 0.3766128789,
    "operatingIncome": 980762000,
    "operatingIncomeRatio": 0.0277680185,
    "totalOtherIncomeExpensesNet": 410429000,
    "incomeBeforeTax": 1391191000,
    "incomeBeforeTaxRatio": 0.039388371,
    "incomeTaxExpense": 84146000,
    "netIncome": 1708479000,
    "netIncomeRatio": 0.0483716504,
    "eps": 0.7,
    "epsdiluted": 0.65,
    "weightedAverageShsOut": 2504901000,
    "weightedAverageShsOutDil": 2738802200,
    "link": "https://www.sec.gov/Archives/edgar/data/1033767/000129281415002714/0001292814-15-002714-index.htm",
    "finalLink": "https://www.sec.gov/Archives/edgar/data/1033767/000129281415002714/exhibit_991.htm"
  },
  {
    "date": "2015-06-30",
    "symbol": "UMC",
    "reportedCurrency": "TWD",
    "cik": "0001033767",
    "fillingDate": "2015-05-04",
    "acceptedDate": "2015-05-04 06:30:12",
    "calendarYear": "2015",
    "period": "Q2",
    "revenue": 38011554000,
    "costOfRevenue": 29288072000,
    "grossProfit": 8723482000,
    "grossProfitRatio": 0.2294955371,
    "researchAndDevelopmentExpenses": 3015364000,
    "generalAndAdministrativeExpenses": 918512000,
    "sellingAndMarketingExpenses": 929869000,
    "sellingGeneralAndAdministrativeExpenses": 1848381000,
    "otherExpenses": 305081000,
    "operatingExpenses": 4863745000,
    "costAndExpenses": 34151817000,
    "interestIncome": 89427000,
    "interestExpense": 135463000,
    "depreciationAndAmortization": 11194135000,
    "ebitda": 15417497000,
    "ebitdaratio": 0.4056002814,
    "operatingIncome": 3876431000,
    "operatingIncomeRatio": 0.1019803347,
    "totalOtherIncomeExpensesNet": 1303965000,
    "incomeBeforeTax": 5180396000,
    "incomeBeforeTaxRatio": 0.1362847728,
    "incomeTaxExpense": 635356000,
    "netIncome": 4600375000,
    "netIncomeRatio": 0.1210257018,
    "eps": 1.85,
    "epsdiluted": 1.75,
    "weightedAverageShsOut": 2514499400,
    "weightedAverageShsOutDil": 2644508800,
    "link": "https://www.sec.gov/Archives/edgar/data/1033767/000119312515167258/0001193125-15-167258-index.htm",
    "finalLink": "https://www.sec.gov/Archives/edgar/data/1033767/000119312515167258/d917426dex991.htm"
  },
  {
    "date": "2015-03-31",
    "symbol": "UMC",
    "reportedCurrency": "TWD",
    "cik": "0001033767",
    "fillingDate": "2015-03-25",
    "acceptedDate": "2015-03-25 06:09:03",
    "calendarYear": "2015",
    "period": "Q1",
    "revenue": 37649644000,
    "costOfRevenue": 28494535000,
    "grossProfit": 9155109000,
    "grossProfitRatio": 0.2431658849,
    "researchAndDevelopmentExpenses": 2916323000,
    "generalAndAdministrativeExpenses": 953013000,
    "sellingAndMarketingExpenses": 1044487000,
    "sellingGeneralAndAdministrativeExpenses": 1997500000,
    "otherExpenses": 64707000,
    "operatingExpenses": 4872620000,
    "costAndExpenses": 33367155000,
    "interestIncome": 74095000,
    "interestExpense": 101040000,
    "depreciationAndAmortization": 10748196000,
    "ebitda": 15203346000,
    "ebitdaratio": 0.4036585047,
    "operatingIncome": 4098672000,
    "operatingIncomeRatio": 0.1088634995,
    "totalOtherIncomeExpensesNet": 255438000,
    "incomeBeforeTax": 4354110000,
    "incomeBeforeTaxRatio": 0.1156481055,
    "incomeTaxExpense": 441638000,
    "netIncome": 3979910000,
    "netIncomeRatio": 0.1057091005,
    "eps": 1.6,
    "epsdiluted": 1.55,
    "weightedAverageShsOut": 2505252000,
    "weightedAverageShsOutDil": 2532009200,
    "link": "https://www.sec.gov/Archives/edgar/data/1033767/000119312515103970/0001193125-15-103970-index.htm",
    "finalLink": "https://www.sec.gov/Archives/edgar/data/1033767/000119312515103970/d896581dex991.htm"
  },
  {
    "date": "2014-12-31",
    "symbol": "UMC",
    "reportedCurrency": "TWD",
    "cik": "0001033767",
    "fillingDate": "2015-04-21",
    "acceptedDate": "2015-04-21 06:13:04",
    "calendarYear": "2014",
    "period": "Q4",
    "revenue": 37235001000,
    "costOfRevenue": 27049316000,
    "grossProfit": 10185685000,
    "grossProfitRatio": 0.2735513556,
    "researchAndDevelopmentExpenses": 3534897000,
    "generalAndAdministrativeExpenses": 1012837000,
    "sellingAndMarketingExpenses": 1123975000,
    "sellingGeneralAndAdministrativeExpenses": 2136812000,
    "otherExpenses": 81188000,
    "operatingExpenses": 5671709000,
    "costAndExpenses": 32721025000,
    "interestIncome": 106076000,
    "interestExpense": 118032000,
    "depreciationAndAmortization": 10663050000,
    "ebitda": 16215413000,
    "ebitdaratio": 0.4123771072,
    "operatingIncome": 4532439000,
    "operatingIncomeRatio": 0.1217252284,
    "totalOtherIncomeExpensesNet": 901892000,
    "incomeBeforeTax": 5434331000,
    "incomeBeforeTaxRatio": 0.1459468472,
    "incomeTaxExpense": 2003015000,
    "netIncome": 3530877000,
    "netIncomeRatio": 0.094826827,
    "eps": 1.41,
    "epsdiluted": 1.39,
    "weightedAverageShsOut": 2505252000,
    "weightedAverageShsOutDil": 2532009200,
    "link": "https://www.sec.gov/Archives/edgar/data/1033767/000119312515138989/0001193125-15-138989-index.htm",
    "finalLink": "https://www.sec.gov/Archives/edgar/data/1033767/000119312515138989/d910283d20f.htm"
  },
  {
    "date": "2014-09-30",
    "symbol": "UMC",
    "reportedCurrency": "TWD",
    "cik": "0001033767",
    "fillingDate": "2014-09-30",
    "acceptedDate": "2014-09-29 20:00:00",
    "calendarYear": "2014",
    "period": "Q3",
    "revenue": 35213850000,
    "costOfRevenue": 27655334000,
    "grossProfit": 7558516000,
    "grossProfitRatio": 0.2146461123,
    "researchAndDevelopmentExpenses": 3468347000,
    "generalAndAdministrativeExpenses": 844422000,
    "sellingAndMarketingExpenses": 956769000,
    "sellingGeneralAndAdministrativeExpenses": 1801191000,
    "otherExpenses": 144753000,
    "operatingExpenses": 5269538000,
    "costAndExpenses": 32924872000,
    "interestIncome": 129396000,
    "interestExpense": 136932000,
    "depreciationAndAmortization": 10195396000,
    "ebitda": 13324654000,
    "ebitdaratio": 0.3599516099,
    "operatingIncome": 1686497000,
    "operatingIncomeRatio": 0.0478930023,
    "totalOtherIncomeExpensesNet": 1305829000,
    "incomeBeforeTax": 2992326000,
    "incomeBeforeTaxRatio": 0.0849758263,
    "incomeTaxExpense": 412987000,
    "netIncome": 2915944000,
    "netIncomeRatio": 0.0828067366,
    "eps": 1.15,
    "epsdiluted": 1.15,
    "weightedAverageShsOut": 2500161800,
    "weightedAverageShsOutDil": 2516500600,
    "link": "",
    "finalLink": ""
  },
  {
    "date": "2014-06-30",
    "symbol": "UMC",
    "reportedCurrency": "TWD",
    "cik": "0001033767",
    "fillingDate": "2014-05-20",
    "acceptedDate": "2014-05-20 06:24:08",
    "calendarYear": "2014",
    "period": "Q2",
    "revenue": 35869640000,
    "costOfRevenue": 27662541000,
    "grossProfit": 8207099000,
    "grossProfitRatio": 0.2288034951,
    "researchAndDevelopmentExpenses": 3325778000,
    "generalAndAdministrativeExpenses": 857004000,
    "sellingAndMarketingExpenses": 1097156000,
    "sellingGeneralAndAdministrativeExpenses": 1954160000,
    "otherExpenses": 122953000,
    "operatingExpenses": 5279938000,
    "costAndExpenses": 32942479000,
    "interestIncome": 135980000,
    "interestExpense": 284907000,
    "depreciationAndAmortization": 9948595000,
    "ebitda": 14087565000,
    "ebitdaratio": 0.3693617221,
    "operatingIncome": 2916757000,
    "operatingIncomeRatio": 0.0813154802,
    "totalOtherIncomeExpensesNet": 937306000,
    "incomeBeforeTax": 3854063000,
    "incomeBeforeTaxRatio": 0.1074463808,
    "incomeTaxExpense": 528337000,
    "netIncome": 3482421000,
    "netIncomeRatio": 0.097085474,
    "eps": 1.4,
    "epsdiluted": 1.4,
    "weightedAverageShsOut": 2497819200,
    "weightedAverageShsOutDil": 2521572200,
    "link": "https://www.sec.gov/Archives/edgar/data/1033767/000129281414001317/0001292814-14-001317-index.htm",
    "finalLink": "https://www.sec.gov/Archives/edgar/data/1033767/000129281414001317/exhibit_991.htm"
  },
  {
    "date": "2014-03-31",
    "symbol": "UMC",
    "reportedCurrency": "TWD",
    "cik": "0001033767",
    "fillingDate": "2014-05-20",
    "acceptedDate": "2014-05-20 06:24:08",
    "calendarYear": "2014",
    "period": "Q1",
    "revenue": 31693585000,
    "costOfRevenue": 25792207000,
    "grossProfit": 5901378000,
    "grossProfitRatio": 0.1862010246,
    "researchAndDevelopmentExpenses": 3334852000,
    "generalAndAdministrativeExpenses": 847766000,
    "sellingAndMarketingExpenses": 833578000,
    "sellingGeneralAndAdministrativeExpenses": 1681344000,
    "otherExpenses": 101171000,
    "operatingExpenses": 5016196000,
    "costAndExpenses": 30808403000,
    "interestIncome": 124278000,
    "interestExpense": 147307000,
    "depreciationAndAmortization": 9850313000,
    "ebitda": 11289203000,
    "ebitdaratio": 0.3444773445,
    "operatingIncome": 940639000,
    "operatingIncomeRatio": 0.0296791606,
    "totalOtherIncomeExpensesNet": 350944000,
    "incomeBeforeTax": 1291583000,
    "incomeBeforeTaxRatio": 0.0407521901,
    "incomeTaxExpense": 180776000,
    "netIncome": 1179698000,
    "netIncomeRatio": 0.0372219804,
    "eps": 0.45,
    "epsdiluted": 0.45,
    "weightedAverageShsOut": 2495985000,
    "weightedAverageShsOutDil": 2631596800,
    "link": "https://www.sec.gov/Archives/edgar/data/1033767/000129281414001317/0001292814-14-001317-index.htm",
    "finalLink": "https://www.sec.gov/Archives/edgar/data/1033767/000129281414001317/exhibit_991.htm"
  },
  {
    "date": "2013-12-31",
    "symbol": "UMC",
    "reportedCurrency": "TWD",
    "cik": "0001033767",
    "fillingDate": "2014-04-18",
    "acceptedDate": "2014-04-18 06:38:47",
    "calendarYear": "2013",
    "period": "Q4",
    "revenue": 30718744000,
    "costOfRevenue": 25161486000,
    "grossProfit": 5557258000,
    "grossProfitRatio": 0.180907722,
    "researchAndDevelopmentExpenses": 3584731000,
    "generalAndAdministrativeExpenses": 825946000,
    "sellingAndMarketingExpenses": 906284000,
    "sellingGeneralAndAdministrativeExpenses": 1732230000,
    "otherExpenses": 182414000,
    "operatingExpenses": 5316082000,
    "costAndExpenses": 30477568000,
    "interestIncome": 95956000,
    "interestExpense": 148911000,
    "depreciationAndAmortization": 9567887000,
    "ebitda": 10777983000,
    "ebitdaratio": 0.3335580061,
    "operatingIncome": 193880000,
    "operatingIncomeRatio": 0.006311456,
    "totalOtherIncomeExpensesNet": 888627000,
    "incomeBeforeTax": 1061185000,
    "incomeBeforeTaxRatio": 0.0345451949,
    "incomeTaxExpense": 494975000,
    "netIncome": 728081000,
    "netIncomeRatio": 0.0237015224,
    "eps": 0.29,
    "epsdiluted": 0.28,
    "weightedAverageShsOut": 2495985000,
    "weightedAverageShsOutDil": 2631596800,
    "link": "https://www.sec.gov/Archives/edgar/data/1033767/000119312514148382/0001193125-14-148382-index.htm",
    "finalLink": "https://www.sec.gov/Archives/edgar/data/1033767/000119312514148382/d705385d20f.htm"
  },
  {
    "date": "2013-09-30",
    "symbol": "UMC",
    "reportedCurrency": "TWD",
    "cik": "0001033767",
    "fillingDate": "2013-11-27",
    "acceptedDate": "2013-11-27 06:11:18",
    "calendarYear": "2013",
    "period": "Q3",
    "revenue": 33406772000,
    "costOfRevenue": 26069872000,
    "grossProfit": 7336900000,
    "grossProfitRatio": 0.2196231351,
    "researchAndDevelopmentExpenses": 3262164000,
    "generalAndAdministrativeExpenses": 854542000,
    "sellingAndMarketingExpenses": 777733000,
    "sellingGeneralAndAdministrativeExpenses": 1632275000,
    "otherExpenses": 279119000,
    "operatingExpenses": 4942219000,
    "costAndExpenses": 31012091000,
    "interestIncome": 78590000,
    "interestExpense": 154875000,
    "depreciationAndAmortization": 9495832000,
    "ebitda": 13607125000,
    "ebitdaratio": 0.3724828307,
    "operatingIncome": 2394778000,
    "operatingIncomeRatio": 0.0716854056,
    "totalOtherIncomeExpensesNet": 1561640000,
    "incomeBeforeTax": 3956418000,
    "incomeBeforeTaxRatio": 0.1184316162,
    "incomeTaxExpense": 590857000,
    "netIncome": 3476095000,
    "netIncomeRatio": 0.1040536033,
    "eps": 1.4,
    "epsdiluted": 1.3,
    "weightedAverageShsOut": 2503620600,
    "weightedAverageShsOutDil": 2660252400,
    "link": "https://www.sec.gov/Archives/edgar/data/1033767/000129281413002620/0001292814-13-002620-index.htm",
    "finalLink": "https://www.sec.gov/Archives/edgar/data/1033767/000129281413002620/exhibit_991.htm"
  },
  {
    "date": "2013-06-30",
    "symbol": "UMC",
    "reportedCurrency": "TWD",
    "cik": "0001033767",
    "fillingDate": "2013-06-07",
    "acceptedDate": "2013-06-07 06:24:59",
    "calendarYear": "2013",
    "period": "Q2",
    "revenue": 31904704000,
    "costOfRevenue": 25727394000,
    "grossProfit": 6177310000,
    "grossProfitRatio": 0.1936175305,
    "researchAndDevelopmentExpenses": 3250245000,
    "generalAndAdministrativeExpenses": 966244000,
    "sellingAndMarketingExpenses": 800224000,
    "sellingGeneralAndAdministrativeExpenses": 1766468000,
    "otherExpenses": 79513000,
    "operatingExpenses": 5040683000,
    "costAndExpenses": 30768077000,
    "interestIncome": 73202000,
    "interestExpense": 156813000,
    "depreciationAndAmortization": 9743588000,
    "ebitda": 11139744000,
    "ebitdaratio": 0.3491567889,
    "operatingIncome": 1149469000,
    "operatingIncomeRatio": 0.0360281982,
    "totalOtherIncomeExpensesNet": 630705000,
    "incomeBeforeTax": 1780174000,
    "incomeBeforeTaxRatio": 0.0557965998,
    "incomeTaxExpense": 42001000,
    "netIncome": 1812000000,
    "netIncomeRatio": 0.0567941329,
    "eps": 0.75,
    "epsdiluted": 0.7,
    "weightedAverageShsOut": 2492994400,
    "weightedAverageShsOutDil": 2647286600,
    "link": "https://www.sec.gov/Archives/edgar/data/1033767/000129281413001354/0001292814-13-001354-index.htm",
    "finalLink": "https://www.sec.gov/Archives/edgar/data/1033767/000129281413001354/exhibit_991.htm"
  },
  {
    "date": "2013-03-31",
    "symbol": "UMC",
    "reportedCurrency": "TWD",
    "cik": "0001033767",
    "fillingDate": "2013-06-07",
    "acceptedDate": "2013-06-07 06:24:59",
    "calendarYear": "2013",
    "period": "Q1",
    "revenue": 27781416000,
    "costOfRevenue": 23289909000,
    "grossProfit": 4491507000,
    "grossProfitRatio": 0.1616730767,
    "researchAndDevelopmentExpenses": 2395911000,
    "generalAndAdministrativeExpenses": 1018740000,
    "sellingAndMarketingExpenses": 762759000,
    "sellingGeneralAndAdministrativeExpenses": 1781499000,
    "otherExpenses": 131170000,
    "operatingExpenses": 4177410000,
    "costAndExpenses": 27467319000,
    "interestIncome": 53978000,
    "interestExpense": 135633000,
    "depreciationAndAmortization": 9625005000,
    "ebitda": 10278916000,
    "ebitdaratio": 0.3699925159,
    "operatingIncome": 293993000,
    "operatingIncomeRatio": 0.010582362,
    "totalOtherIncomeExpensesNet": 7248702000,
    "incomeBeforeTax": 7542695000,
    "incomeBeforeTaxRatio": 0.2715014598,
    "incomeTaxExpense": 1129001000,
    "netIncome": 6592705000,
    "netIncomeRatio": 0.2373062986,
    "eps": 2.6,
    "epsdiluted": 2.45,
    "weightedAverageShsOut": 2526248200,
    "weightedAverageShsOutDil": 2679321800,
    "link": "https://www.sec.gov/Archives/edgar/data/1033767/000129281413001354/0001292814-13-001354-index.htm",
    "finalLink": "https://www.sec.gov/Archives/edgar/data/1033767/000129281413001354/exhibit_991.htm"
  },
  {
    "date": "2012-12-31",
    "symbol": "UMC",
    "reportedCurrency": "TWD",
    "cik": "0001033767",
    "fillingDate": "2013-04-26",
    "acceptedDate": "2013-04-26 09:43:57",
    "calendarYear": "2012",
    "period": "Q4",
    "revenue": 28854353000,
    "costOfRevenue": 25616727000,
    "grossProfit": 3237626000,
    "grossProfitRatio": 0.1122058083,
    "researchAndDevelopmentExpenses": 2593324000,
    "generalAndAdministrativeExpenses": 1002978000,
    "sellingAndMarketingExpenses": 573768000,
    "sellingGeneralAndAdministrativeExpenses": 1576746000,
    "otherExpenses": -5684000,
    "operatingExpenses": 4170070000,
    "costAndExpenses": 29786797000,
    "interestIncome": 42994000,
    "interestExpense": 149272000,
    "depreciationAndAmortization": 9386423000,
    "ebitda": 10436634000,
    "ebitdaratio": 0.3012390886,
    "operatingIncome": -932720000,
    "operatingIncomeRatio": -0.0323251053,
    "totalOtherIncomeExpensesNet": 1626895000,
    "incomeBeforeTax": 900939000,
    "incomeBeforeTaxRatio": 0.0312236771,
    "incomeTaxExpense": 156785000,
    "netIncome": 1077647000,
    "netIncomeRatio": 0.0373478137,
    "eps": 0.43,
    "epsdiluted": 0.4,
    "weightedAverageShsOut": 2526248200,
    "weightedAverageShsOutDil": 2679321800,
    "link": "https://www.sec.gov/Archives/edgar/data/1033767/000119312513175982/0001193125-13-175982-index.htm",
    "finalLink": "https://www.sec.gov/Archives/edgar/data/1033767/000119312513175982/d525083d20f.htm"
  },
  {
    "date": "2012-09-30",
    "symbol": "UMC",
    "reportedCurrency": "TWD",
    "cik": "0001033767",
    "fillingDate": "2012-11-09",
    "acceptedDate": "2012-11-09 06:09:54",
    "calendarYear": "2012",
    "period": "Q3",
    "revenue": 30173854000,
    "costOfRevenue": 24449744000,
    "grossProfit": 5724110000,
    "grossProfitRatio": 0.1897043049,
    "researchAndDevelopmentExpenses": 2338294000,
    "generalAndAdministrativeExpenses": 726803000,
    "sellingAndMarketingExpenses": 686740000,
    "sellingGeneralAndAdministrativeExpenses": 1413543000,
    "otherExpenses": 129089000,
    "operatingExpenses": 3757521000,
    "costAndExpenses": 28207265000,
    "interestIncome": 50374000,
    "interestExpense": 125095000,
    "depreciationAndAmortization": 9229841000,
    "ebitda": 11133352000,
    "ebitdaratio": 0.384817266,
    "operatingIncome": -732498000,
    "operatingIncomeRatio": -0.0242759178,
    "totalOtherIncomeExpensesNet": 2481199000,
    "incomeBeforeTax": 1748701000,
    "incomeBeforeTaxRatio": 0.0579541811,
    "incomeTaxExpense": 1330234000,
    "netIncome": 1492504000,
    "netIncomeRatio": 0.0494634858,
    "eps": 0.6,
    "epsdiluted": 0.55,
    "weightedAverageShsOut": 2525731800,
    "weightedAverageShsOutDil": 2671755600,
    "link": "https://www.sec.gov/Archives/edgar/data/1033767/000129281412002608/0001292814-12-002608-index.htm",
    "finalLink": "https://www.sec.gov/Archives/edgar/data/1033767/000129281412002608/exhibit991.htm"
  },
  {
    "date": "2012-06-30",
    "symbol": "UMC",
    "reportedCurrency": "TWD",
    "cik": "0001033767",
    "fillingDate": "2012-07-26",
    "acceptedDate": "2012-07-25 21:56:29",
    "calendarYear": "2012",
    "period": "Q2",
    "revenue": 30377479000,
    "costOfRevenue": 24038731000,
    "grossProfit": 6338748000,
    "grossProfitRatio": 0.2086660318,
    "researchAndDevelopmentExpenses": 2555418000,
    "generalAndAdministrativeExpenses": 840888000,
    "sellingAndMarketingExpenses": 776324000,
    "sellingGeneralAndAdministrativeExpenses": 1617212000,
    "otherExpenses": 99867000,
    "operatingExpenses": 4172630000,
    "costAndExpenses": 28211361000,
    "interestIncome": 58096000,
    "interestExpense": 99727000,
    "depreciationAndAmortization": 8684770000,
    "ebitda": 11071164000,
    "ebitdaratio": 0.3644530213,
    "operatingIncome": 2170264000,
    "operatingIncomeRatio": 0.0714431899,
    "totalOtherIncomeExpensesNet": 655068000,
    "incomeBeforeTax": 2825332000,
    "incomeBeforeTaxRatio": 0.0930074546,
    "incomeTaxExpense": 484691000,
    "netIncome": 2651026000,
    "netIncomeRatio": 0.0872694538,
    "eps": 1.05,
    "epsdiluted": 1,
    "weightedAverageShsOut": 2524301400,
    "weightedAverageShsOutDil": 2688754400,
    "link": "https://www.sec.gov/Archives/edgar/data/1033767/000129281412001934/0001292814-12-001934-index.htm",
    "finalLink": "https://www.sec.gov/Archives/edgar/data/1033767/000129281412001934/exhibit991.htm"
  },
  {
    "date": "2012-03-31",
    "symbol": "UMC",
    "reportedCurrency": "TWD",
    "cik": "0001033767",
    "fillingDate": "2012-07-26",
    "acceptedDate": "2012-07-25 21:56:29",
    "calendarYear": "2012",
    "period": "Q1",
    "revenue": 26269434000,
    "costOfRevenue": 22213621000,
    "grossProfit": 4055813000,
    "grossProfitRatio": 0.1543928583,
    "researchAndDevelopmentExpenses": 2299796000,
    "generalAndAdministrativeExpenses": 779393000,
    "sellingAndMarketingExpenses": 711979000,
    "sellingGeneralAndAdministrativeExpenses": 1491372000,
    "otherExpenses": 0,
    "operatingExpenses": 3791168000,
    "costAndExpenses": 26004789000,
    "interestIncome": 59907000,
    "interestExpense": 119527000,
    "depreciationAndAmortization": 8436541000,
    "ebitda": 9021360000,
    "ebitdaratio": 0.3434166111,
    "operatingIncome": 264564000,
    "operatingIncomeRatio": 0.0100711725,
    "totalOtherIncomeExpensesNet": 1008414000,
    "incomeBeforeTax": 1321906000,
    "incomeBeforeTaxRatio": 0.050321069,
    "incomeTaxExpense": 214068000,
    "netIncome": 1107838000,
    "netIncomeRatio": 0.0421721305,
    "eps": 0.5,
    "epsdiluted": 0.5,
    "weightedAverageShsOut": 2522661400,
    "weightedAverageShsOutDil": 2682835800,
    "link": "https://www.sec.gov/Archives/edgar/data/1033767/000129281412001934/0001292814-12-001934-index.htm",
    "finalLink": "https://www.sec.gov/Archives/edgar/data/1033767/000129281412001934/exhibit991.htm"
  },
  {
    "date": "2011-12-31",
    "symbol": "UMC",
    "reportedCurrency": "TWD",
    "cik": "0001033767",
    "fillingDate": "2012-04-26",
    "acceptedDate": "2012-04-26 07:34:07",
    "calendarYear": "2011",
    "period": "Q4",
    "revenue": 26057983000,
    "costOfRevenue": 23221256000,
    "grossProfit": 2836727000,
    "grossProfitRatio": 0.1088621096,
    "researchAndDevelopmentExpenses": 2387297000,
    "generalAndAdministrativeExpenses": 751429000,
    "sellingAndMarketingExpenses": 1053215000,
    "sellingGeneralAndAdministrativeExpenses": 1804644000,
    "otherExpenses": 0,
    "operatingExpenses": 4191941000,
    "costAndExpenses": 27413197000,
    "interestIncome": 75487000,
    "interestExpense": 115027000,
    "depreciationAndAmortization": 8410914000,
    "ebitda": 8745418000,
    "ebitdaratio": 0.206136676,
    "operatingIncome": -1355214000,
    "operatingIncomeRatio": -0.0520076324,
    "totalOtherIncomeExpensesNet": 1574691000,
    "incomeBeforeTax": 219477000,
    "incomeBeforeTaxRatio": 0.0084226396,
    "incomeTaxExpense": 36756000,
    "netIncome": 2325500000,
    "netIncomeRatio": 0.0892432849,
    "eps": 0.92,
    "epsdiluted": 0.87,
    "weightedAverageShsOut": 2522661400,
    "weightedAverageShsOutDil": 2684094400,
    "link": "https://www.sec.gov/Archives/edgar/data/1033767/000119312512183850/0001193125-12-183850-index.htm",
    "finalLink": "https://www.sec.gov/Archives/edgar/data/1033767/000119312512183850/d338301d20f.htm"
  },
  {
    "date": "2011-09-30",
    "symbol": "UMC",
    "reportedCurrency": "TWD",
    "cik": "0001033767",
    "fillingDate": "2011-11-22",
    "acceptedDate": "2011-11-22 09:51:49",
    "calendarYear": "2011",
    "period": "Q3",
    "revenue": 27799999000,
    "costOfRevenue": 23427273000,
    "grossProfit": 4372726000,
    "grossProfitRatio": 0.1572923078,
    "researchAndDevelopmentExpenses": 2375141000,
    "generalAndAdministrativeExpenses": 886787000,
    "sellingAndMarketingExpenses": 948515000,
    "sellingGeneralAndAdministrativeExpenses": 1835302000,
    "otherExpenses": 0,
    "operatingExpenses": 4210443000,
    "costAndExpenses": 27637716000,
    "interestIncome": 61454000,
    "interestExpense": 69020000,
    "depreciationAndAmortization": 8182858000,
    "ebitda": 9282728000,
    "ebitdaratio": 0.3522012717,
    "operatingIncome": 162283000,
    "operatingIncomeRatio": 0.0058375182,
    "totalOtherIncomeExpensesNet": 868567000,
    "incomeBeforeTax": 1030850000,
    "incomeBeforeTaxRatio": 0.0370809366,
    "incomeTaxExpense": 53503000,
    "netIncome": 608931000,
    "netIncomeRatio": 0.0219039936,
    "eps": 0.24,
    "epsdiluted": 0.23,
    "weightedAverageShsOut": 2522661400,
    "weightedAverageShsOutDil": 2684094400,
    "link": "https://www.sec.gov/Archives/edgar/data/1033767/000129281411002957/0001292814-11-002957-index.htm",
    "finalLink": "https://www.sec.gov/Archives/edgar/data/1033767/000129281411002957/exhibit991.htm"
  },
  {
    "date": "2011-06-30",
    "symbol": "UMC",
    "reportedCurrency": "TWD",
    "cik": "0001033767",
    "fillingDate": "2011-04-29",
    "acceptedDate": "2011-04-29 06:48:51",
    "calendarYear": "2011",
    "period": "Q2",
    "revenue": 31679065000,
    "costOfRevenue": 25276127000,
    "grossProfit": 6402938000,
    "grossProfitRatio": 0.2021189072,
    "researchAndDevelopmentExpenses": 2328914000,
    "generalAndAdministrativeExpenses": 816345000,
    "sellingAndMarketingExpenses": 745026000,
    "sellingGeneralAndAdministrativeExpenses": 1561371000,
    "otherExpenses": 0,
    "operatingExpenses": 3890285000,
    "costAndExpenses": 29166412000,
    "interestIncome": 53132000,
    "interestExpense": 60691000,
    "depreciationAndAmortization": 8047805000,
    "ebitda": 11379871000,
    "ebitdaratio": 0.3375597102,
    "operatingIncome": 2512653000,
    "operatingIncomeRatio": 0.0793158826,
    "totalOtherIncomeExpensesNet": 758722000,
    "incomeBeforeTax": 3271375000,
    "incomeBeforeTaxRatio": 0.1032661475,
    "incomeTaxExpense": 377337000,
    "netIncome": 3191771000,
    "netIncomeRatio": 0.1007533208,
    "eps": 1.27,
    "epsdiluted": 1.19,
    "weightedAverageShsOut": 2522661400,
    "weightedAverageShsOutDil": 2684094400,
    "link": "https://www.sec.gov/Archives/edgar/data/1033767/000129281411001225/0001292814-11-001225-index.htm",
    "finalLink": "https://www.sec.gov/Archives/edgar/data/1033767/000129281411001225/exhibit991.htm"
  },
  {
    "date": "2011-03-31",
    "symbol": "UMC",
    "reportedCurrency": "TWD",
    "cik": "0001033767",
    "fillingDate": "2011-04-29",
    "acceptedDate": "2011-04-29 06:48:51",
    "calendarYear": "2011",
    "period": "Q1",
    "revenue": 31165676000,
    "costOfRevenue": 23491873000,
    "grossProfit": 7673803000,
    "grossProfitRatio": 0.2462261046,
    "researchAndDevelopmentExpenses": 2303714000,
    "generalAndAdministrativeExpenses": 887111000,
    "sellingAndMarketingExpenses": 622833000,
    "sellingGeneralAndAdministrativeExpenses": 1509944000,
    "otherExpenses": 0,
    "operatingExpenses": 3813658000,
    "costAndExpenses": 27305531000,
    "interestIncome": 39171000,
    "interestExpense": 61277000,
    "depreciationAndAmortization": 7729222000,
    "ebitda": 11557541000,
    "ebitdaratio": 0.3708419801,
    "operatingIncome": 3860145000,
    "operatingIncomeRatio": 0.1238588568,
    "totalOtherIncomeExpensesNet": 998504000,
    "incomeBeforeTax": 4858649000,
    "incomeBeforeTaxRatio": 0.1558974367,
    "incomeTaxExpense": 445839000,
    "netIncome": 4483493000,
    "netIncomeRatio": 0.1438599631,
    "eps": 1.8,
    "epsdiluted": 1.75,
    "weightedAverageShsOut": 2502779800,
    "weightedAverageShsOutDil": 2562010800,
    "link": "https://www.sec.gov/Archives/edgar/data/1033767/000129281411001225/0001292814-11-001225-index.htm",
    "finalLink": "https://www.sec.gov/Archives/edgar/data/1033767/000129281411001225/exhibit991.htm"
  },
  {
    "date": "2010-12-31",
    "symbol": "UMC",
    "reportedCurrency": "TWD",
    "cik": "0001033767",
    "fillingDate": "2010-11-18",
    "acceptedDate": "2010-11-18 06:01:00",
    "calendarYear": "2010",
    "period": "Q4",
    "revenue": 34435750000,
    "costOfRevenue": 24044424000,
    "grossProfit": 10391326000,
    "grossProfitRatio": 0.3017598281,
    "researchAndDevelopmentExpenses": 2335921000,
    "generalAndAdministrativeExpenses": 1018537000,
    "sellingAndMarketingExpenses": 615893000,
    "sellingGeneralAndAdministrativeExpenses": 1634430000,
    "otherExpenses": 0,
    "operatingExpenses": 3970351000,
    "costAndExpenses": 28014775000,
    "interestIncome": 36478000,
    "interestExpense": 14507000,
    "depreciationAndAmortization": 7185332000,
    "ebitda": 14291519000,
    "ebitdaratio": 0.3980938995,
    "operatingIncome": 6369966000,
    "operatingIncomeRatio": 0.1849811896,
    "totalOtherIncomeExpensesNet": 721714000,
    "incomeBeforeTax": 7091680000,
    "incomeBeforeTaxRatio": 0.205939467,
    "incomeTaxExpense": 662169000,
    "netIncome": 6423865000,
    "netIncomeRatio": 0.1865463944,
    "eps": 2.57,
    "epsdiluted": 2.51,
    "weightedAverageShsOut": 2502779800,
    "weightedAverageShsOutDil": 2562010800,
    "link": "https://www.sec.gov/Archives/edgar/data/1033767/000095012310106793/0000950123-10-106793-index.htm",
    "finalLink": "https://www.sec.gov/Archives/edgar/data/1033767/000095012310106793/c08607exv99w1.htm"
  },
  {
    "date": "2010-09-30",
    "symbol": "UMC",
    "reportedCurrency": "TWD",
    "cik": "0001033767",
    "fillingDate": "2010-09-27",
    "acceptedDate": "2010-09-27 06:45:09",
    "calendarYear": "2010",
    "period": "Q3",
    "revenue": 34049715000,
    "costOfRevenue": 23061182000,
    "grossProfit": 10988533000,
    "grossProfitRatio": 0.3227202636,
    "researchAndDevelopmentExpenses": 2239405000,
    "generalAndAdministrativeExpenses": 936596000,
    "sellingAndMarketingExpenses": 657945000,
    "sellingGeneralAndAdministrativeExpenses": 1594541000,
    "otherExpenses": 0,
    "operatingExpenses": 3833946000,
    "costAndExpenses": 26895128000,
    "interestIncome": 38035000,
    "interestExpense": 19753000,
    "depreciationAndAmortization": 7439371000,
    "ebitda": 16530224000,
    "ebitdaratio": 0.4360805957,
    "operatingIncome": 7154587000,
    "operatingIncomeRatio": 0.2101217881,
    "totalOtherIncomeExpensesNet": 1970369000,
    "incomeBeforeTax": 9124956000,
    "incomeBeforeTaxRatio": 0.2679892034,
    "incomeTaxExpense": 433614000,
    "netIncome": 8720447000,
    "netIncomeRatio": 0.2561092508,
    "eps": 3.48,
    "epsdiluted": 3.4,
    "weightedAverageShsOut": 2502779800,
    "weightedAverageShsOutDil": 2562010800,
    "link": "https://www.sec.gov/Archives/edgar/data/1033767/000095012310089010/0000950123-10-089010-index.htm",
    "finalLink": "https://www.sec.gov/Archives/edgar/data/1033767/000095012310089010/c05947exv99w1.htm"
  },
  {
    "date": "2010-06-30",
    "symbol": "UMC",
    "reportedCurrency": "TWD",
    "cik": "0001033767",
    "fillingDate": "2010-04-30",
    "acceptedDate": "2010-04-30 06:04:43",
    "calendarYear": "2010",
    "period": "Q2",
    "revenue": 30618287000,
    "costOfRevenue": 21643300000,
    "grossProfit": 8974987000,
    "grossProfitRatio": 0.293125053,
    "researchAndDevelopmentExpenses": 2155401000,
    "generalAndAdministrativeExpenses": 889709000,
    "sellingAndMarketingExpenses": 641946000,
    "sellingGeneralAndAdministrativeExpenses": 1531655000,
    "otherExpenses": 0,
    "operatingExpenses": 3687056000,
    "costAndExpenses": 25330356000,
    "interestIncome": 34650000,
    "interestExpense": 17382000,
    "depreciationAndAmortization": 7757582000,
    "ebitda": 12999827000,
    "ebitdaratio": 0.4245772143,
    "operatingIncome": 5334859000,
    "operatingIncomeRatio": 0.1742376704,
    "totalOtherIncomeExpensesNet": 220737000,
    "incomeBeforeTax": 5555596000,
    "incomeBeforeTaxRatio": 0.1814469895,
    "incomeTaxExpense": 364444000,
    "netIncome": 5272428000,
    "netIncomeRatio": 0.1721986602,
    "eps": 2.11,
    "epsdiluted": 2.06,
    "weightedAverageShsOut": 2502779800,
    "weightedAverageShsOutDil": 2562010800,
    "link": "https://www.sec.gov/Archives/edgar/data/1033767/000095012310041019/0000950123-10-041019-index.htm",
    "finalLink": "https://www.sec.gov/Archives/edgar/data/1033767/000095012310041019/c99786exv99w1.htm"
  },
  {
    "date": "2010-03-31",
    "symbol": "UMC",
    "reportedCurrency": "TWD",
    "cik": "0001033767",
    "fillingDate": "2010-04-30",
    "acceptedDate": "2010-04-30 06:04:43",
    "calendarYear": "2010",
    "period": "Q1",
    "revenue": 27337792000,
    "costOfRevenue": 20768299000,
    "grossProfit": 6569493000,
    "grossProfitRatio": 0.2403081054,
    "researchAndDevelopmentExpenses": 2009752000,
    "generalAndAdministrativeExpenses": 753519000,
    "sellingAndMarketingExpenses": 650037000,
    "sellingGeneralAndAdministrativeExpenses": 1403556000,
    "otherExpenses": 0,
    "operatingExpenses": 3413308000,
    "costAndExpenses": 24181607000,
    "interestIncome": 34317000,
    "interestExpense": 19014000,
    "depreciationAndAmortization": 8113348000,
    "ebitda": 11151895000,
    "ebitdaratio": 0.4079296163,
    "operatingIncome": 3160266000,
    "operatingIncomeRatio": 0.1156006308,
    "totalOtherIncomeExpensesNet": 451123000,
    "incomeBeforeTax": 3611389000,
    "incomeBeforeTaxRatio": 0.132102439,
    "incomeTaxExpense": 145887000,
    "netIncome": 3482165000,
    "netIncomeRatio": 0.1273755027,
    "eps": 1.4,
    "epsdiluted": 1.35,
    "weightedAverageShsOut": 2527608000,
    "weightedAverageShsOutDil": 2566991200,
    "link": "https://www.sec.gov/Archives/edgar/data/1033767/000095012310041019/0000950123-10-041019-index.htm",
    "finalLink": "https://www.sec.gov/Archives/edgar/data/1033767/000095012310041019/c99786exv99w1.htm"
  },
  {
    "date": "2009-12-31",
    "symbol": "UMC",
    "reportedCurrency": "TWD",
    "cik": "0001033767",
    "fillingDate": "2009-11-06",
    "acceptedDate": "2009-11-06 06:01:24",
    "calendarYear": "2009",
    "period": "Q4",
    "revenue": 28967462000,
    "costOfRevenue": 21641070000,
    "grossProfit": 7326392000,
    "grossProfitRatio": 0.2529179809,
    "researchAndDevelopmentExpenses": 2140540000,
    "generalAndAdministrativeExpenses": 744645000,
    "sellingAndMarketingExpenses": 780405000,
    "sellingGeneralAndAdministrativeExpenses": 1525050000,
    "otherExpenses": 0,
    "operatingExpenses": 3665590000,
    "costAndExpenses": 25306660000,
    "interestIncome": 31680000,
    "interestExpense": 20566000,
    "depreciationAndAmortization": 8202215000,
    "ebitda": 12013076000,
    "ebitdaratio": 0.4122554126,
    "operatingIncome": 3659821000,
    "operatingIncomeRatio": 0.1263424804,
    "totalOtherIncomeExpensesNet": 130474000,
    "incomeBeforeTax": 3790295000,
    "incomeBeforeTaxRatio": 0.1308466375,
    "incomeTaxExpense": -1219949000,
    "netIncome": 4395907000,
    "netIncomeRatio": 0.1517532672,
    "eps": 1.74,
    "epsdiluted": 1.71,
    "weightedAverageShsOut": 2527608000,
    "weightedAverageShsOutDil": 2566991200,
    "link": "https://www.sec.gov/Archives/edgar/data/1033767/000095012309058712/0000950123-09-058712-index.htm",
    "finalLink": "https://www.sec.gov/Archives/edgar/data/1033767/000095012309058712/c91966exv99w1.htm"
  },
  {
    "date": "2009-09-30",
    "symbol": "UMC",
    "reportedCurrency": "TWD",
    "cik": "0001033767",
    "fillingDate": "2009-09-08",
    "acceptedDate": "2009-09-08 06:05:06",
    "calendarYear": "2009",
    "period": "Q3",
    "revenue": 28348312000,
    "costOfRevenue": 20562805000,
    "grossProfit": 7785507000,
    "grossProfitRatio": 0.2746374105,
    "researchAndDevelopmentExpenses": 2224761000,
    "generalAndAdministrativeExpenses": 744006000,
    "sellingAndMarketingExpenses": 739309000,
    "sellingGeneralAndAdministrativeExpenses": 1483315000,
    "otherExpenses": 0,
    "operatingExpenses": 3708076000,
    "costAndExpenses": 24270881000,
    "interestIncome": 28206000,
    "interestExpense": 36056000,
    "depreciationAndAmortization": 8367236000,
    "ebitda": 14754344000,
    "ebitdaratio": 0.4776536254,
    "operatingIncome": 4091481000,
    "operatingIncomeRatio": 0.144328911,
    "totalOtherIncomeExpensesNet": 2259571000,
    "incomeBeforeTax": 6351052000,
    "incomeBeforeTaxRatio": 0.2240363377,
    "incomeTaxExpense": 293439000,
    "netIncome": 6090870000,
    "netIncomeRatio": 0.2148582956,
    "eps": 2.41,
    "epsdiluted": 2.37,
    "weightedAverageShsOut": 2527608000,
    "weightedAverageShsOutDil": 2566991200,
    "link": "https://www.sec.gov/Archives/edgar/data/1033767/000095012309041433/0000950123-09-041433-index.htm",
    "finalLink": "https://www.sec.gov/Archives/edgar/data/1033767/000095012309041433/c89818exv99w1.htm"
  }
]