[
  {
    "date": "2024-09-27",
    "symbol": "WDC",
    "reportedCurrency": "USD",
    "cik": "0000106040",
    "fillingDate": "2024-10-31",
    "acceptedDate": "2024-10-30 19:49:57",
    "calendarYear": "2025",
    "period": "Q1",
    "revenue": 4095000000,
    "costOfRevenue": 2544000000,
    "grossProfit": 1551000000,
    "grossProfitRatio": 0.3787545788,
    "researchAndDevelopmentExpenses": 519000000,
    "generalAndAdministrativeExpenses": 0,
    "sellingAndMarketingExpenses": 0,
    "sellingGeneralAndAdministrativeExpenses": 242000000,
    "otherExpenses": 48000000,
    "operatingExpenses": 809000000,
    "costAndExpenses": 3353000000,
    "interestIncome": 9000000,
    "interestExpense": 99000000,
    "depreciationAndAmortization": 135000000,
    "ebitda": 862000000,
    "ebitdaratio": 0.2105006105,
    "operatingIncome": 742000000,
    "operatingIncomeRatio": 0.1811965812,
    "totalOtherIncomeExpensesNet": -114000000,
    "incomeBeforeTax": 628000000,
    "incomeBeforeTaxRatio": 0.1533577534,
    "incomeTaxExpense": 135000000,
    "netIncome": 493000000,
    "netIncomeRatio": 0.1203907204,
    "eps": 1.4,
    "epsdiluted": 1.35,
    "weightedAverageShsOut": 344000000,
    "weightedAverageShsOutDil": 357000000,
    "link": "https://www.sec.gov/Archives/edgar/data/106040/000010604024000040/0000106040-24-000040-index.htm",
    "finalLink": "https://www.sec.gov/Archives/edgar/data/106040/000010604024000040/wdc-20240927.htm"
  },
  {
    "date": "2024-06-28",
    "symbol": "WDC",
    "reportedCurrency": "USD",
    "cik": "0000106040",
    "fillingDate": "2024-08-20",
    "acceptedDate": "2024-08-19 17:39:43",
    "calendarYear": "2024",
    "period": "Q4",
    "revenue": 3764000000,
    "costOfRevenue": 2016000000,
    "grossProfit": 1748000000,
    "grossProfitRatio": 0.4643995749,
    "researchAndDevelopmentExpenses": 538000000,
    "generalAndAdministrativeExpenses": 148000000,
    "sellingAndMarketingExpenses": 56000000,
    "sellingGeneralAndAdministrativeExpenses": 220000000,
    "otherExpenses": -20000000,
    "operatingExpenses": 758000000,
    "costAndExpenses": 2774000000,
    "interestIncome": 9000000,
    "interestExpense": 103000000,
    "depreciationAndAmortization": 138000000,
    "ebitda": 800000000,
    "ebitdaratio": 0.2996811902,
    "operatingIncome": 990000000,
    "operatingIncomeRatio": 0.2630180659,
    "totalOtherIncomeExpensesNet": -114000000,
    "incomeBeforeTax": 393000000,
    "incomeBeforeTaxRatio": 0.1044102019,
    "incomeTaxExpense": 63000000,
    "netIncome": 330000000,
    "netIncomeRatio": 0.0876726886,
    "eps": 0.92,
    "epsdiluted": 0.88,
    "weightedAverageShsOut": 333000000,
    "weightedAverageShsOutDil": 349000000,
    "link": "https://www.sec.gov/Archives/edgar/data/106040/000010604024000031/0000106040-24-000031-index.htm",
    "finalLink": "https://www.sec.gov/Archives/edgar/data/106040/000010604024000031/wdc-20240628.htm"
  },
  {
    "date": "2024-03-29",
    "symbol": "WDC",
    "reportedCurrency": "USD",
    "cik": "0000106040",
    "fillingDate": "2024-04-30",
    "acceptedDate": "2024-04-29 18:55:39",
    "calendarYear": "2024",
    "period": "Q3",
    "revenue": 3457000000,
    "costOfRevenue": 2456000000,
    "grossProfit": 1001000000,
    "grossProfitRatio": 0.2895574197,
    "researchAndDevelopmentExpenses": 494000000,
    "generalAndAdministrativeExpenses": 0,
    "sellingAndMarketingExpenses": 0,
    "sellingGeneralAndAdministrativeExpenses": 203000000,
    "otherExpenses": 3000000,
    "operatingExpenses": 697000000,
    "costAndExpenses": 3153000000,
    "interestIncome": 10000000,
    "interestExpense": 108000000,
    "depreciationAndAmortization": 140000000,
    "ebitda": 443000000,
    "ebitdaratio": 0.1284350593,
    "operatingIncome": 304000000,
    "operatingIncomeRatio": 0.0879375181,
    "totalOtherIncomeExpensesNet": -95000000,
    "incomeBeforeTax": 178000000,
    "incomeBeforeTaxRatio": 0.051489731,
    "incomeTaxExpense": 43000000,
    "netIncome": 135000000,
    "netIncomeRatio": 0.0390512005,
    "eps": 0.35,
    "epsdiluted": 0.34,
    "weightedAverageShsOut": 326000000,
    "weightedAverageShsOutDil": 335000000,
    "link": "https://www.sec.gov/Archives/edgar/data/106040/000010604024000022/0000106040-24-000022-index.htm",
    "finalLink": "https://www.sec.gov/Archives/edgar/data/106040/000010604024000022/wdc-20240329.htm"
  },
  {
    "date": "2023-12-29",
    "symbol": "WDC",
    "reportedCurrency": "USD",
    "cik": "0000106040",
    "fillingDate": "2024-02-12",
    "acceptedDate": "2024-02-12 16:29:29",
    "calendarYear": "2024",
    "period": "Q2",
    "revenue": 3032000000,
    "costOfRevenue": 2540000000,
    "grossProfit": 492000000,
    "grossProfitRatio": 0.1622691293,
    "researchAndDevelopmentExpenses": 444000000,
    "generalAndAdministrativeExpenses": 0,
    "sellingAndMarketingExpenses": 0,
    "sellingGeneralAndAdministrativeExpenses": 198000000,
    "otherExpenses": 47000000,
    "operatingExpenses": 642000000,
    "costAndExpenses": 3182000000,
    "interestIncome": 12000000,
    "interestExpense": 108000000,
    "depreciationAndAmortization": 143000000,
    "ebitda": -8000000,
    "ebitdaratio": 0.0171503958,
    "operatingIncome": -210000000,
    "operatingIncomeRatio": -0.0692612137,
    "totalOtherIncomeExpensesNet": -49000000,
    "incomeBeforeTax": -259000000,
    "incomeBeforeTaxRatio": -0.0854221636,
    "incomeTaxExpense": 28000000,
    "netIncome": -301000000,
    "netIncomeRatio": -0.0992744063,
    "eps": -0.93,
    "epsdiluted": -0.93,
    "weightedAverageShsOut": 325000000,
    "weightedAverageShsOutDil": 325000000,
    "link": "https://www.sec.gov/Archives/edgar/data/106040/000010604024000014/0000106040-24-000014-index.htm",
    "finalLink": "https://www.sec.gov/Archives/edgar/data/106040/000010604024000014/wdc-20231229.htm"
  },
  {
    "date": "2023-09-29",
    "symbol": "WDC",
    "reportedCurrency": "USD",
    "cik": "0000106040",
    "fillingDate": "2023-11-07",
    "acceptedDate": "2023-11-06 19:44:44",
    "calendarYear": "2024",
    "period": "Q1",
    "revenue": 2750000000,
    "costOfRevenue": 2651000000,
    "grossProfit": 99000000,
    "grossProfitRatio": 0.036,
    "researchAndDevelopmentExpenses": 431000000,
    "generalAndAdministrativeExpenses": 0,
    "sellingAndMarketingExpenses": 0,
    "sellingGeneralAndAdministrativeExpenses": 207000000,
    "otherExpenses": 57000000,
    "operatingExpenses": 638000000,
    "costAndExpenses": 3289000000,
    "interestIncome": 8000000,
    "interestExpense": 86000000,
    "depreciationAndAmortization": 147000000,
    "ebitda": -437000000,
    "ebitdaratio": -0.1425454545,
    "operatingIncome": -596000000,
    "operatingIncomeRatio": -0.2167272727,
    "totalOtherIncomeExpensesNet": -86000000,
    "incomeBeforeTax": -682000000,
    "incomeBeforeTaxRatio": -0.248,
    "incomeTaxExpense": 3000000,
    "netIncome": -685000000,
    "netIncomeRatio": -0.2490909091,
    "eps": -2.12,
    "epsdiluted": -2.12,
    "weightedAverageShsOut": 323000000,
    "weightedAverageShsOutDil": 323000000,
    "link": "https://www.sec.gov/Archives/edgar/data/106040/000010604023000034/0000106040-23-000034-index.htm",
    "finalLink": "https://www.sec.gov/Archives/edgar/data/106040/000010604023000034/wdc-20230929.htm"
  },
  {
    "date": "2023-06-30",
    "symbol": "WDC",
    "reportedCurrency": "USD",
    "cik": "0000106040",
    "fillingDate": "2023-08-22",
    "acceptedDate": "2023-08-21 19:53:42",
    "calendarYear": "2023",
    "period": "Q4",
    "revenue": 2672000000,
    "costOfRevenue": 2580000000,
    "grossProfit": 92000000,
    "grossProfitRatio": 0.0344311377,
    "researchAndDevelopmentExpenses": 458000000,
    "generalAndAdministrativeExpenses": 162000000,
    "sellingAndMarketingExpenses": 69000000,
    "sellingGeneralAndAdministrativeExpenses": 231000000,
    "otherExpenses": 193000000,
    "operatingExpenses": 689000000,
    "costAndExpenses": 3269000000,
    "interestIncome": 9000000,
    "interestExpense": 80000000,
    "depreciationAndAmortization": 185000000,
    "ebitda": -456000000,
    "ebitdaratio": -0.1541916168,
    "operatingIncome": -650000000,
    "operatingIncomeRatio": -0.2432634731,
    "totalOtherIncomeExpensesNet": -80000000,
    "incomeBeforeTax": -730000000,
    "incomeBeforeTaxRatio": -0.2732035928,
    "incomeTaxExpense": -15000000,
    "netIncome": -715000000,
    "netIncomeRatio": -0.2675898204,
    "eps": -2.23,
    "epsdiluted": -2.23,
    "weightedAverageShsOut": 321000000,
    "weightedAverageShsOutDil": 321000000,
    "link": "https://www.sec.gov/Archives/edgar/data/106040/000010604023000024/0000106040-23-000024-index.htm",
    "finalLink": "https://www.sec.gov/Archives/edgar/data/106040/000010604023000024/wdc-20230630.htm"
  },
  {
    "date": "2023-03-31",
    "symbol": "WDC",
    "reportedCurrency": "USD",
    "cik": "0000106040",
    "fillingDate": "2023-05-10",
    "acceptedDate": "2023-05-10 13:41:02",
    "calendarYear": "2023",
    "period": "Q3",
    "revenue": 2803000000,
    "costOfRevenue": 2517000000,
    "grossProfit": 286000000,
    "grossProfitRatio": 0.1020335355,
    "researchAndDevelopmentExpenses": 476000000,
    "generalAndAdministrativeExpenses": 0,
    "sellingAndMarketingExpenses": 0,
    "sellingGeneralAndAdministrativeExpenses": 242000000,
    "otherExpenses": 13000000,
    "operatingExpenses": 718000000,
    "costAndExpenses": 3235000000,
    "interestIncome": 10000000,
    "interestExpense": 57000000,
    "depreciationAndAmortization": 213000000,
    "ebitda": -230000000,
    "ebitdaratio": -0.0781305744,
    "operatingIncome": -432000000,
    "operatingIncomeRatio": -0.1541205851,
    "totalOtherIncomeExpensesNet": -57000000,
    "incomeBeforeTax": -529000000,
    "incomeBeforeTaxRatio": -0.1887263646,
    "incomeTaxExpense": 43000000,
    "netIncome": -572000000,
    "netIncomeRatio": -0.204067071,
    "eps": -1.79,
    "epsdiluted": -1.79,
    "weightedAverageShsOut": 319000000,
    "weightedAverageShsOutDil": 319000000,
    "link": "https://www.sec.gov/Archives/edgar/data/106040/000010604023000017/0000106040-23-000017-index.htm",
    "finalLink": "https://www.sec.gov/Archives/edgar/data/106040/000010604023000017/wdc-20230331.htm"
  },
  {
    "date": "2022-12-30",
    "symbol": "WDC",
    "reportedCurrency": "USD",
    "cik": "0000106040",
    "fillingDate": "2023-02-03",
    "acceptedDate": "2023-02-02 18:36:21",
    "calendarYear": "2023",
    "period": "Q2",
    "revenue": 3107000000,
    "costOfRevenue": 2579000000,
    "grossProfit": 528000000,
    "grossProfitRatio": 0.1699388478,
    "researchAndDevelopmentExpenses": 523000000,
    "generalAndAdministrativeExpenses": 0,
    "sellingAndMarketingExpenses": 0,
    "sellingGeneralAndAdministrativeExpenses": 250000000,
    "otherExpenses": 6000000,
    "operatingExpenses": 773000000,
    "costAndExpenses": 3352000000,
    "interestIncome": 3000000,
    "interestExpense": 64000000,
    "depreciationAndAmortization": 214000000,
    "ebitda": -92000000,
    "ebitdaratio": -0.0099774702,
    "operatingIncome": -245000000,
    "operatingIncomeRatio": -0.0788542002,
    "totalOtherIncomeExpensesNet": -64000000,
    "incomeBeforeTax": -385000000,
    "incomeBeforeTaxRatio": -0.1239137432,
    "incomeTaxExpense": 61000000,
    "netIncome": -446000000,
    "netIncomeRatio": -0.1435468297,
    "eps": -1.4,
    "epsdiluted": -1.4,
    "weightedAverageShsOut": 318000000,
    "weightedAverageShsOutDil": 318000000,
    "link": "https://www.sec.gov/Archives/edgar/data/106040/000010604023000010/0000106040-23-000010-index.htm",
    "finalLink": "https://www.sec.gov/Archives/edgar/data/106040/000010604023000010/wdc-20221230.htm"
  },
  {
    "date": "2022-09-30",
    "symbol": "WDC",
    "reportedCurrency": "USD",
    "cik": "0000106040",
    "fillingDate": "2022-11-02",
    "acceptedDate": "2022-11-02 16:12:56",
    "calendarYear": "2023",
    "period": "Q1",
    "revenue": 3736000000,
    "costOfRevenue": 2755000000,
    "grossProfit": 981000000,
    "grossProfitRatio": 0.2625802998,
    "researchAndDevelopmentExpenses": 552000000,
    "generalAndAdministrativeExpenses": 0,
    "sellingAndMarketingExpenses": 0,
    "sellingGeneralAndAdministrativeExpenses": 247000000,
    "otherExpenses": -6000000,
    "operatingExpenses": 799000000,
    "costAndExpenses": 3554000000,
    "interestIncome": 2000000,
    "interestExpense": 74000000,
    "depreciationAndAmortization": 216000000,
    "ebitda": 398000000,
    "ebitdaratio": 0.1065310493,
    "operatingIncome": 158000000,
    "operatingIncomeRatio": 0.0422912206,
    "totalOtherIncomeExpensesNet": -74000000,
    "incomeBeforeTax": 84000000,
    "incomeBeforeTaxRatio": 0.02248394,
    "incomeTaxExpense": 57000000,
    "netIncome": 27000000,
    "netIncomeRatio": 0.0072269807,
    "eps": 0.0854,
    "epsdiluted": 0.0846,
    "weightedAverageShsOut": 316000000,
    "weightedAverageShsOutDil": 319000000,
    "link": "https://www.sec.gov/Archives/edgar/data/106040/000010604022000065/0000106040-22-000065-index.htm",
    "finalLink": "https://www.sec.gov/Archives/edgar/data/106040/000010604022000065/wdc-20220930.htm"
  },
  {
    "date": "2022-07-01",
    "symbol": "WDC",
    "reportedCurrency": "USD",
    "cik": "0000106040",
    "fillingDate": "2022-08-25",
    "acceptedDate": "2022-08-24 20:22:12",
    "calendarYear": "2022",
    "period": "Q4",
    "revenue": 4528000000,
    "costOfRevenue": 3083000000,
    "grossProfit": 1445000000,
    "grossProfitRatio": 0.3191254417,
    "researchAndDevelopmentExpenses": 598000000,
    "generalAndAdministrativeExpenses": 178000000,
    "sellingAndMarketingExpenses": 88000000,
    "sellingGeneralAndAdministrativeExpenses": 266000000,
    "otherExpenses": 22000000,
    "operatingExpenses": 864000000,
    "costAndExpenses": 3947000000,
    "interestIncome": 2000000,
    "interestExpense": 51000000,
    "depreciationAndAmortization": 221000000,
    "ebitda": 832000000,
    "ebitdaratio": 0.1771201413,
    "operatingIncome": 562000000,
    "operatingIncomeRatio": 0.1241166078,
    "totalOtherIncomeExpensesNet": -51000000,
    "incomeBeforeTax": 511000000,
    "incomeBeforeTaxRatio": 0.1128533569,
    "incomeTaxExpense": 210000000,
    "netIncome": 301000000,
    "netIncomeRatio": 0.066475265,
    "eps": 0.96,
    "epsdiluted": 0.95,
    "weightedAverageShsOut": 314000000,
    "weightedAverageShsOutDil": 318000000,
    "link": "https://www.sec.gov/Archives/edgar/data/106040/000010604022000055/0000106040-22-000055-index.htm",
    "finalLink": "https://www.sec.gov/Archives/edgar/data/106040/000010604022000055/wdc-20220701.htm"
  },
  {
    "date": "2022-04-01",
    "symbol": "WDC",
    "reportedCurrency": "USD",
    "cik": "0000106040",
    "fillingDate": "2022-05-04",
    "acceptedDate": "2022-05-04 16:09:03",
    "calendarYear": "2022",
    "period": "Q3",
    "revenue": 4381000000,
    "costOfRevenue": 3200000000,
    "grossProfit": 1181000000,
    "grossProfitRatio": 0.2695731568,
    "researchAndDevelopmentExpenses": 572000000,
    "generalAndAdministrativeExpenses": 0,
    "sellingAndMarketingExpenses": 0,
    "sellingGeneralAndAdministrativeExpenses": 281000000,
    "otherExpenses": 12000000,
    "operatingExpenses": 853000000,
    "costAndExpenses": 4053000000,
    "interestIncome": 1000000,
    "interestExpense": 62000000,
    "depreciationAndAmortization": 216000000,
    "ebitda": 740000000,
    "ebitdaratio": 0.1241725633,
    "operatingIncome": 324000000,
    "operatingIncomeRatio": 0.0739557179,
    "totalOtherIncomeExpensesNet": -62000000,
    "incomeBeforeTax": 262000000,
    "incomeBeforeTaxRatio": 0.0598036978,
    "incomeTaxExpense": 237000000,
    "netIncome": 25000000,
    "netIncomeRatio": 0.0057064597,
    "eps": 0.0799,
    "epsdiluted": 0.0791,
    "weightedAverageShsOut": 313000000,
    "weightedAverageShsOutDil": 316000000,
    "link": "https://www.sec.gov/Archives/edgar/data/106040/000010604022000040/0000106040-22-000040-index.htm",
    "finalLink": "https://www.sec.gov/Archives/edgar/data/106040/000010604022000040/wdc-20220401.htm"
  },
  {
    "date": "2021-12-31",
    "symbol": "WDC",
    "reportedCurrency": "USD",
    "cik": "0000106040",
    "fillingDate": "2022-02-03",
    "acceptedDate": "2022-02-03 16:05:52",
    "calendarYear": "2022",
    "period": "Q2",
    "revenue": 4833000000,
    "costOfRevenue": 3250000000,
    "grossProfit": 1583000000,
    "grossProfitRatio": 0.3275398303,
    "researchAndDevelopmentExpenses": 575000000,
    "generalAndAdministrativeExpenses": 0,
    "sellingAndMarketingExpenses": 0,
    "sellingGeneralAndAdministrativeExpenses": 279000000,
    "otherExpenses": -6000000,
    "operatingExpenses": 854000000,
    "costAndExpenses": 4104000000,
    "interestIncome": 1000000,
    "interestExpense": 76000000,
    "depreciationAndAmortization": 242000000,
    "ebitda": 971000000,
    "ebitdaratio": 0.2013242293,
    "operatingIncome": 727000000,
    "operatingIncomeRatio": 0.1504241672,
    "totalOtherIncomeExpensesNet": -81000000,
    "incomeBeforeTax": 646000000,
    "incomeBeforeTaxRatio": 0.1336643906,
    "incomeTaxExpense": 82000000,
    "netIncome": 564000000,
    "netIncomeRatio": 0.1166977033,
    "eps": 1.81,
    "epsdiluted": 1.79,
    "weightedAverageShsOut": 312000000,
    "weightedAverageShsOutDil": 315000000,
    "link": "https://www.sec.gov/Archives/edgar/data/106040/000010604022000018/0000106040-22-000018-index.htm",
    "finalLink": "https://www.sec.gov/Archives/edgar/data/106040/000010604022000018/wdc-20211231.htm"
  },
  {
    "date": "2021-10-01",
    "symbol": "WDC",
    "reportedCurrency": "USD",
    "cik": "0000106040",
    "fillingDate": "2021-11-04",
    "acceptedDate": "2021-11-04 16:04:21",
    "calendarYear": "2022",
    "period": "Q1",
    "revenue": 5051000000,
    "costOfRevenue": 3386000000,
    "grossProfit": 1665000000,
    "grossProfitRatio": 0.3296376955,
    "researchAndDevelopmentExpenses": 578000000,
    "generalAndAdministrativeExpenses": 0,
    "sellingAndMarketingExpenses": 0,
    "sellingGeneralAndAdministrativeExpenses": 291000000,
    "otherExpenses": 2000000,
    "operatingExpenses": 869000000,
    "costAndExpenses": 4255000000,
    "interestIncome": 2000000,
    "interestExpense": 74000000,
    "depreciationAndAmortization": 250000000,
    "ebitda": 1046000000,
    "ebitdaratio": 0.2070877054,
    "operatingIncome": 778000000,
    "operatingIncomeRatio": 0.1540289052,
    "totalOtherIncomeExpensesNet": -74000000,
    "incomeBeforeTax": 704000000,
    "incomeBeforeTaxRatio": 0.1393783409,
    "incomeTaxExpense": 94000000,
    "netIncome": 610000000,
    "netIncomeRatio": 0.1207681647,
    "eps": 1.97,
    "epsdiluted": 1.93,
    "weightedAverageShsOut": 310000000,
    "weightedAverageShsOutDil": 316000000,
    "link": "https://www.sec.gov/Archives/edgar/data/106040/000010604021000053/0000106040-21-000053-index.htm",
    "finalLink": "https://www.sec.gov/Archives/edgar/data/106040/000010604021000053/wdc-20211001.htm"
  },
  {
    "date": "2021-07-02",
    "symbol": "WDC",
    "reportedCurrency": "USD",
    "cik": "0000106040",
    "fillingDate": "2021-08-27",
    "acceptedDate": "2021-08-26 20:29:30",
    "calendarYear": "2021",
    "period": "Q4",
    "revenue": 4920000000,
    "costOfRevenue": 3354000000,
    "grossProfit": 1566000000,
    "grossProfitRatio": 0.3182926829,
    "researchAndDevelopmentExpenses": 598000000,
    "generalAndAdministrativeExpenses": 213000000,
    "sellingAndMarketingExpenses": 84000000,
    "sellingGeneralAndAdministrativeExpenses": 297000000,
    "otherExpenses": 0,
    "operatingExpenses": 895000000,
    "costAndExpenses": 4249000000,
    "interestIncome": 1000000,
    "interestExpense": 79000000,
    "depreciationAndAmortization": 251000000,
    "ebitda": 914000000,
    "ebitdaratio": 0.187398374,
    "operatingIncome": 675000000,
    "operatingIncomeRatio": 0.137195122,
    "totalOtherIncomeExpensesNet": -79000000,
    "incomeBeforeTax": 596000000,
    "incomeBeforeTaxRatio": 0.1211382114,
    "incomeTaxExpense": -26000000,
    "netIncome": 622000000,
    "netIncomeRatio": 0.1264227642,
    "eps": 2.03,
    "epsdiluted": 1.97,
    "weightedAverageShsOut": 307000000,
    "weightedAverageShsOutDil": 315000000,
    "link": "https://www.sec.gov/Archives/edgar/data/106040/000010604021000040/0000106040-21-000040-index.htm",
    "finalLink": "https://www.sec.gov/Archives/edgar/data/106040/000010604021000040/wdc-20210702.htm"
  },
  {
    "date": "2021-04-02",
    "symbol": "WDC",
    "reportedCurrency": "USD",
    "cik": "0000106040",
    "fillingDate": "2021-05-06",
    "acceptedDate": "2021-05-06 17:27:53",
    "calendarYear": "2021",
    "period": "Q3",
    "revenue": 4137000000,
    "costOfRevenue": 3046000000,
    "grossProfit": 1091000000,
    "grossProfitRatio": 0.2637176698,
    "researchAndDevelopmentExpenses": 555000000,
    "generalAndAdministrativeExpenses": 0,
    "sellingAndMarketingExpenses": 0,
    "sellingGeneralAndAdministrativeExpenses": 287000000,
    "otherExpenses": 11000000,
    "operatingExpenses": 842000000,
    "costAndExpenses": 3888000000,
    "interestIncome": 2000000,
    "interestExpense": 68000000,
    "depreciationAndAmortization": 251000000,
    "ebitda": 488000000,
    "ebitdaratio": 0.120860527,
    "operatingIncome": 317000000,
    "operatingIncomeRatio": 0.0766255741,
    "totalOtherIncomeExpensesNet": -68000000,
    "incomeBeforeTax": 249000000,
    "incomeBeforeTaxRatio": 0.0601885424,
    "incomeTaxExpense": 52000000,
    "netIncome": 197000000,
    "netIncomeRatio": 0.0476190476,
    "eps": 0.64,
    "epsdiluted": 0.63,
    "weightedAverageShsOut": 306000000,
    "weightedAverageShsOutDil": 313000000,
    "link": "https://www.sec.gov/Archives/edgar/data/106040/000010604021000024/0000106040-21-000024-index.htm",
    "finalLink": "https://www.sec.gov/Archives/edgar/data/106040/000010604021000024/wdc-20210402.htm"
  },
  {
    "date": "2021-01-01",
    "symbol": "WDC",
    "reportedCurrency": "USD",
    "cik": "0000106040",
    "fillingDate": "2021-02-09",
    "acceptedDate": "2021-02-09 16:17:25",
    "calendarYear": "2021",
    "period": "Q2",
    "revenue": 3943000000,
    "costOfRevenue": 2983000000,
    "grossProfit": 960000000,
    "grossProfitRatio": 0.2434694395,
    "researchAndDevelopmentExpenses": 535000000,
    "generalAndAdministrativeExpenses": 0,
    "sellingAndMarketingExpenses": 0,
    "sellingGeneralAndAdministrativeExpenses": 265000000,
    "otherExpenses": 6000000,
    "operatingExpenses": 800000000,
    "costAndExpenses": 3783000000,
    "interestIncome": 2000000,
    "interestExpense": 73000000,
    "depreciationAndAmortization": 336000000,
    "ebitda": 529000000,
    "ebitdaratio": 0.1257925437,
    "operatingIncome": 158000000,
    "operatingIncomeRatio": 0.0400710119,
    "totalOtherIncomeExpensesNet": -73000000,
    "incomeBeforeTax": 85000000,
    "incomeBeforeTaxRatio": 0.02155719,
    "incomeTaxExpense": 23000000,
    "netIncome": 62000000,
    "netIncomeRatio": 0.015724068,
    "eps": 0.2,
    "epsdiluted": 0.2,
    "weightedAverageShsOut": 305000000,
    "weightedAverageShsOutDil": 307000000,
    "link": "https://www.sec.gov/Archives/edgar/data/106040/000010604021000011/0000106040-21-000011-index.htm",
    "finalLink": "https://www.sec.gov/Archives/edgar/data/106040/000010604021000011/wdc-20210101.htm"
  },
  {
    "date": "2020-10-02",
    "symbol": "WDC",
    "reportedCurrency": "USD",
    "cik": "0000106040",
    "fillingDate": "2020-11-06",
    "acceptedDate": "2020-11-06 16:14:31",
    "calendarYear": "2021",
    "period": "Q1",
    "revenue": 3922000000,
    "costOfRevenue": 3018000000,
    "grossProfit": 904000000,
    "grossProfitRatio": 0.2304946456,
    "researchAndDevelopmentExpenses": 555000000,
    "generalAndAdministrativeExpenses": 0,
    "sellingAndMarketingExpenses": 0,
    "sellingGeneralAndAdministrativeExpenses": 256000000,
    "otherExpenses": 9000000,
    "operatingExpenses": 811000000,
    "costAndExpenses": 3829000000,
    "interestIncome": 2000000,
    "interestExpense": 84000000,
    "depreciationAndAmortization": 374000000,
    "ebitda": 465000000,
    "ebitdaratio": 0.124936257,
    "operatingIncome": 70000000,
    "operatingIncomeRatio": 0.0178480367,
    "totalOtherIncomeExpensesNet": -73000000,
    "incomeBeforeTax": -3000000,
    "incomeBeforeTaxRatio": -0.0007649159,
    "incomeTaxExpense": 57000000,
    "netIncome": -60000000,
    "netIncomeRatio": -0.0152983172,
    "eps": -0.2,
    "epsdiluted": -0.2,
    "weightedAverageShsOut": 300000000,
    "weightedAverageShsOutDil": 303000000,
    "link": "https://www.sec.gov/Archives/edgar/data/106040/000010604020000061/0000106040-20-000061-index.htm",
    "finalLink": "https://www.sec.gov/Archives/edgar/data/106040/000010604020000061/wdc-20201002.htm"
  },
  {
    "date": "2020-07-03",
    "symbol": "WDC",
    "reportedCurrency": "USD",
    "cik": "0000106040",
    "fillingDate": "2020-08-28",
    "acceptedDate": "2020-08-27 21:53:38",
    "calendarYear": "2020",
    "period": "Q4",
    "revenue": 4287000000,
    "costOfRevenue": 3204000000,
    "grossProfit": 1083000000,
    "grossProfitRatio": 0.2526242127,
    "researchAndDevelopmentExpenses": 546000000,
    "generalAndAdministrativeExpenses": 176000000,
    "sellingAndMarketingExpenses": 93000000,
    "sellingGeneralAndAdministrativeExpenses": 269000000,
    "otherExpenses": 9000000,
    "operatingExpenses": 815000000,
    "costAndExpenses": 4019000000,
    "interestIncome": 2000000,
    "interestExpense": 76000000,
    "depreciationAndAmortization": 377000000,
    "ebitda": 578000000,
    "ebitdaratio": 0.1504548635,
    "operatingIncome": 261000000,
    "operatingIncomeRatio": 0.0608817355,
    "totalOtherIncomeExpensesNet": -76000000,
    "incomeBeforeTax": 185000000,
    "incomeBeforeTaxRatio": 0.0431537206,
    "incomeTaxExpense": 37000000,
    "netIncome": 148000000,
    "netIncomeRatio": 0.0345229764,
    "eps": 0.49,
    "epsdiluted": 0.49,
    "weightedAverageShsOut": 300000000,
    "weightedAverageShsOutDil": 301000000,
    "link": "https://www.sec.gov/Archives/edgar/data/106040/000010604020000049/0000106040-20-000049-index.htm",
    "finalLink": "https://www.sec.gov/Archives/edgar/data/106040/000010604020000049/wdc-20200703.htm"
  },
  {
    "date": "2020-04-03",
    "symbol": "WDC",
    "reportedCurrency": "USD",
    "cik": "0000106040",
    "fillingDate": "2020-05-08",
    "acceptedDate": "2020-05-08 16:08:44",
    "calendarYear": "2020",
    "period": "Q3",
    "revenue": 4175000000,
    "costOfRevenue": 3170000000,
    "grossProfit": 1005000000,
    "grossProfitRatio": 0.2407185629,
    "researchAndDevelopmentExpenses": 563000000,
    "generalAndAdministrativeExpenses": 0,
    "sellingAndMarketingExpenses": 0,
    "sellingGeneralAndAdministrativeExpenses": 281000000,
    "otherExpenses": -14000000,
    "operatingExpenses": 844000000,
    "costAndExpenses": 4014000000,
    "interestIncome": 6000000,
    "interestExpense": 107000000,
    "depreciationAndAmortization": 384000000,
    "ebitda": 545000000,
    "ebitdaratio": 0.1305389222,
    "operatingIncome": 153000000,
    "operatingIncomeRatio": 0.0366467066,
    "totalOtherIncomeExpensesNet": -107000000,
    "incomeBeforeTax": 46000000,
    "incomeBeforeTaxRatio": 0.0110179641,
    "incomeTaxExpense": 29000000,
    "netIncome": 17000000,
    "netIncomeRatio": 0.0040718563,
    "eps": 0.06,
    "epsdiluted": 0.06,
    "weightedAverageShsOut": 299000000,
    "weightedAverageShsOutDil": 303000000,
    "link": "https://www.sec.gov/Archives/edgar/data/106040/000010604020000024/0000106040-20-000024-index.htm",
    "finalLink": "https://www.sec.gov/Archives/edgar/data/106040/000010604020000024/wdc-20200403.htm"
  },
  {
    "date": "2020-01-03",
    "symbol": "WDC",
    "reportedCurrency": "USD",
    "cik": "0000106040",
    "fillingDate": "2020-02-11",
    "acceptedDate": "2020-02-10 17:35:04",
    "calendarYear": "2020",
    "period": "Q2",
    "revenue": 4234000000,
    "costOfRevenue": 3299000000,
    "grossProfit": 935000000,
    "grossProfitRatio": 0.2208313651,
    "researchAndDevelopmentExpenses": 578000000,
    "generalAndAdministrativeExpenses": 0,
    "sellingAndMarketingExpenses": 0,
    "sellingGeneralAndAdministrativeExpenses": 298000000,
    "otherExpenses": 7000000,
    "operatingExpenses": 876000000,
    "costAndExpenses": 4175000000,
    "interestIncome": 8000000,
    "interestExpense": 90000000,
    "depreciationAndAmortization": 399000000,
    "ebitda": 458000000,
    "ebitdaratio": 0.1081719414,
    "operatingIncome": 50000000,
    "operatingIncomeRatio": 0.0118091639,
    "totalOtherIncomeExpensesNet": -90000000,
    "incomeBeforeTax": -40000000,
    "incomeBeforeTaxRatio": -0.0094473311,
    "incomeTaxExpense": 99000000,
    "netIncome": -139000000,
    "netIncomeRatio": -0.0328294757,
    "eps": -0.47,
    "epsdiluted": -0.47,
    "weightedAverageShsOut": 295744680,
    "weightedAverageShsOutDil": 298000000,
    "link": "https://www.sec.gov/Archives/edgar/data/106040/000010604020000011/0000106040-20-000011-index.htm",
    "finalLink": "https://www.sec.gov/Archives/edgar/data/106040/000010604020000011/wdc-2020q210xqdoc.htm"
  },
  {
    "date": "2019-10-04",
    "symbol": "WDC",
    "reportedCurrency": "USD",
    "cik": "0000106040",
    "fillingDate": "2019-11-12",
    "acceptedDate": "2019-11-12 17:21:18",
    "calendarYear": "2020",
    "period": "Q1",
    "revenue": 4040000000,
    "costOfRevenue": 3282000000,
    "grossProfit": 758000000,
    "grossProfitRatio": 0.1876237624,
    "researchAndDevelopmentExpenses": 574000000,
    "generalAndAdministrativeExpenses": 0,
    "sellingAndMarketingExpenses": 0,
    "sellingGeneralAndAdministrativeExpenses": 305000000,
    "otherExpenses": 2000000,
    "operatingExpenses": 879000000,
    "costAndExpenses": 4161000000,
    "interestIncome": 12000000,
    "interestExpense": 122000000,
    "depreciationAndAmortization": 406000000,
    "ebitda": 291000000,
    "ebitdaratio": 0.0725247525,
    "operatingIncome": -129000000,
    "operatingIncomeRatio": -0.0319306931,
    "totalOtherIncomeExpensesNet": -108000000,
    "incomeBeforeTax": -237000000,
    "incomeBeforeTaxRatio": -0.0586633663,
    "incomeTaxExpense": 39000000,
    "netIncome": -276000000,
    "netIncomeRatio": -0.0683168317,
    "eps": -0.93,
    "epsdiluted": -0.93,
    "weightedAverageShsOut": 296000000,
    "weightedAverageShsOutDil": 296000000,
    "link": "https://www.sec.gov/Archives/edgar/data/106040/000010604019000075/0000106040-19-000075-index.htm",
    "finalLink": "https://www.sec.gov/Archives/edgar/data/106040/000010604019000075/wdc-2020q110xqdoc.htm"
  },
  {
    "date": "2019-06-28",
    "symbol": "WDC",
    "reportedCurrency": "USD",
    "cik": "0000106040",
    "fillingDate": "2019-08-27",
    "acceptedDate": "2019-08-27 14:53:35",
    "calendarYear": "2019",
    "period": "Q4",
    "revenue": 3634000000,
    "costOfRevenue": 3169000000,
    "grossProfit": 465000000,
    "grossProfitRatio": 0.1279581728,
    "researchAndDevelopmentExpenses": 523000000,
    "generalAndAdministrativeExpenses": 192000000,
    "sellingAndMarketingExpenses": 107000000,
    "sellingGeneralAndAdministrativeExpenses": 299000000,
    "otherExpenses": 10000000,
    "operatingExpenses": 822000000,
    "costAndExpenses": 3991000000,
    "interestIncome": 14000000,
    "interestExpense": 117000000,
    "depreciationAndAmortization": 416000000,
    "ebitda": 59000000,
    "ebitdaratio": 0.0228398459,
    "operatingIncome": -381000000,
    "operatingIncomeRatio": -0.104843148,
    "totalOtherIncomeExpensesNet": -93000000,
    "incomeBeforeTax": -474000000,
    "incomeBeforeTaxRatio": -0.1304347826,
    "incomeTaxExpense": -277000000,
    "netIncome": -197000000,
    "netIncomeRatio": -0.0542102367,
    "eps": -0.67,
    "epsdiluted": -0.67,
    "weightedAverageShsOut": 293181811,
    "weightedAverageShsOutDil": 294000000,
    "link": "https://www.sec.gov/Archives/edgar/data/106040/000010604019000058/0000106040-19-000058-index.htm",
    "finalLink": "https://www.sec.gov/Archives/edgar/data/106040/000010604019000058/wdc-2019q410xkdoc.htm"
  },
  {
    "date": "2019-03-29",
    "symbol": "WDC",
    "reportedCurrency": "USD",
    "cik": "0000106040",
    "fillingDate": "2019-05-07",
    "acceptedDate": "2019-05-06 21:39:00",
    "calendarYear": "2019",
    "period": "Q3",
    "revenue": 3674000000,
    "costOfRevenue": 3095000000,
    "grossProfit": 579000000,
    "grossProfitRatio": 0.1575939031,
    "researchAndDevelopmentExpenses": 544000000,
    "generalAndAdministrativeExpenses": 0,
    "sellingAndMarketingExpenses": 0,
    "sellingGeneralAndAdministrativeExpenses": 353000000,
    "otherExpenses": 22000000,
    "operatingExpenses": 897000000,
    "costAndExpenses": 3992000000,
    "interestIncome": 13000000,
    "interestExpense": 83000000,
    "depreciationAndAmortization": 444000000,
    "ebitda": 85000000,
    "ebitdaratio": 0.0342950463,
    "operatingIncome": -394000000,
    "operatingIncomeRatio": -0.1072400653,
    "totalOtherIncomeExpensesNet": -83000000,
    "incomeBeforeTax": -477000000,
    "incomeBeforeTaxRatio": -0.1298312466,
    "incomeTaxExpense": 104000000,
    "netIncome": -581000000,
    "netIncomeRatio": -0.1581382689,
    "eps": -1.99,
    "epsdiluted": -1.99,
    "weightedAverageShsOut": 291959798,
    "weightedAverageShsOutDil": 292000000,
    "link": "https://www.sec.gov/Archives/edgar/data/106040/000010604019000028/0000106040-19-000028-index.htm",
    "finalLink": "https://www.sec.gov/Archives/edgar/data/106040/000010604019000028/wdc-2019q310xqdoc.htm"
  },
  {
    "date": "2018-12-28",
    "symbol": "WDC",
    "reportedCurrency": "USD",
    "cik": "0000106040",
    "fillingDate": "2019-02-05",
    "acceptedDate": "2019-02-04 20:16:04",
    "calendarYear": "2019",
    "period": "Q2",
    "revenue": 4233000000,
    "costOfRevenue": 3189000000,
    "grossProfit": 1044000000,
    "grossProfitRatio": 0.2466335932,
    "researchAndDevelopmentExpenses": 539000000,
    "generalAndAdministrativeExpenses": 0,
    "sellingAndMarketingExpenses": 0,
    "sellingGeneralAndAdministrativeExpenses": 309000000,
    "otherExpenses": 8000000,
    "operatingExpenses": 848000000,
    "costAndExpenses": 4037000000,
    "interestIncome": 15000000,
    "interestExpense": 118000000,
    "depreciationAndAmortization": 472000000,
    "ebitda": 668000000,
    "ebitdaratio": 0.1625324829,
    "operatingIncome": 176000000,
    "operatingIncomeRatio": 0.041578077,
    "totalOtherIncomeExpensesNet": -95000000,
    "incomeBeforeTax": 81000000,
    "incomeBeforeTaxRatio": 0.019135365,
    "incomeTaxExpense": 568000000,
    "netIncome": -487000000,
    "netIncomeRatio": -0.115048429,
    "eps": -1.68,
    "epsdiluted": -1.68,
    "weightedAverageShsOut": 289880952,
    "weightedAverageShsOutDil": 290000000,
    "link": "https://www.sec.gov/Archives/edgar/data/106040/000010604019000009/0000106040-19-000009-index.htm",
    "finalLink": "https://www.sec.gov/Archives/edgar/data/106040/000010604019000009/wdc-2019q210xqdoc.htm"
  },
  {
    "date": "2018-09-28",
    "symbol": "WDC",
    "reportedCurrency": "USD",
    "cik": "0000106040",
    "fillingDate": "2018-11-06",
    "acceptedDate": "2018-11-05 20:47:13",
    "calendarYear": "2019",
    "period": "Q1",
    "revenue": 5028000000,
    "costOfRevenue": 3364000000,
    "grossProfit": 1664000000,
    "grossProfitRatio": 0.3309466985,
    "researchAndDevelopmentExpenses": 576000000,
    "generalAndAdministrativeExpenses": 0,
    "sellingAndMarketingExpenses": 0,
    "sellingGeneralAndAdministrativeExpenses": 356000000,
    "otherExpenses": -2000000,
    "operatingExpenses": 932000000,
    "costAndExpenses": 4296000000,
    "interestIncome": 15000000,
    "interestExpense": 103000000,
    "depreciationAndAmortization": 480000000,
    "ebitda": 1212000000,
    "ebitdaratio": 0.2410501193,
    "operatingIncome": 686000000,
    "operatingIncomeRatio": 0.1364359586,
    "totalOtherIncomeExpensesNet": -103000000,
    "incomeBeforeTax": 583000000,
    "incomeBeforeTaxRatio": 0.1159506762,
    "incomeTaxExpense": 72000000,
    "netIncome": 511000000,
    "netIncomeRatio": 0.1016308671,
    "eps": 1.75,
    "epsdiluted": 1.71,
    "weightedAverageShsOut": 292000000,
    "weightedAverageShsOutDil": 298000000,
    "link": "https://www.sec.gov/Archives/edgar/data/106040/000010604018000034/0000106040-18-000034-index.htm",
    "finalLink": "https://www.sec.gov/Archives/edgar/data/106040/000010604018000034/wdc-2019q110xqdoc.htm"
  },
  {
    "date": "2018-06-29",
    "symbol": "WDC",
    "reportedCurrency": "USD",
    "cik": "0000106040",
    "fillingDate": "2018-08-24",
    "acceptedDate": "2018-08-24 16:45:52",
    "calendarYear": "2018",
    "period": "Q4",
    "revenue": 5117000000,
    "costOfRevenue": 3265000000,
    "grossProfit": 1852000000,
    "grossProfitRatio": 0.3619308188,
    "researchAndDevelopmentExpenses": 577000000,
    "generalAndAdministrativeExpenses": 240000000,
    "sellingAndMarketingExpenses": 112000000,
    "sellingGeneralAndAdministrativeExpenses": 352000000,
    "otherExpenses": -14000000,
    "operatingExpenses": 929000000,
    "costAndExpenses": 4194000000,
    "interestIncome": 14000000,
    "interestExpense": 114000000,
    "depreciationAndAmortization": 489000000,
    "ebitda": 1412000000,
    "ebitdaratio": 0.2759429353,
    "operatingIncome": 843000000,
    "operatingIncomeRatio": 0.1647449678,
    "totalOtherIncomeExpensesNet": -114000000,
    "incomeBeforeTax": 729000000,
    "incomeBeforeTaxRatio": 0.1424662888,
    "incomeTaxExpense": -27000000,
    "netIncome": 756000000,
    "netIncomeRatio": 0.1477428181,
    "eps": 2.53,
    "epsdiluted": 2.46,
    "weightedAverageShsOut": 299000000,
    "weightedAverageShsOutDil": 307000000,
    "link": "https://www.sec.gov/Archives/edgar/data/106040/000010604018000029/0000106040-18-000029-index.htm",
    "finalLink": "https://www.sec.gov/Archives/edgar/data/106040/000010604018000029/wdc-2018q410xkdoc.htm"
  },
  {
    "date": "2018-03-30",
    "symbol": "WDC",
    "reportedCurrency": "USD",
    "cik": "0000106040",
    "fillingDate": "2018-05-08",
    "acceptedDate": "2018-05-07 18:27:39",
    "calendarYear": "2018",
    "period": "Q3",
    "revenue": 5013000000,
    "costOfRevenue": 3086000000,
    "grossProfit": 1927000000,
    "grossProfitRatio": 0.3844005585,
    "researchAndDevelopmentExpenses": 602000000,
    "generalAndAdministrativeExpenses": 0,
    "sellingAndMarketingExpenses": 0,
    "sellingGeneralAndAdministrativeExpenses": 376000000,
    "otherExpenses": -898000000,
    "operatingExpenses": 978000000,
    "costAndExpenses": 4064000000,
    "interestIncome": 16000000,
    "interestExpense": 1042000000,
    "depreciationAndAmortization": 499000000,
    "ebitda": 1448000000,
    "ebitdaratio": 0.2888489926,
    "operatingIncome": 914000000,
    "operatingIncomeRatio": 0.1823259525,
    "totalOtherIncomeExpensesNet": -1042000000,
    "incomeBeforeTax": -128000000,
    "incomeBeforeTaxRatio": -0.0255336126,
    "incomeTaxExpense": -189000000,
    "netIncome": 61000000,
    "netIncomeRatio": 0.0121683623,
    "eps": 0.2,
    "epsdiluted": 0.2,
    "weightedAverageShsOut": 298000000,
    "weightedAverageShsOutDil": 308000000,
    "link": "https://www.sec.gov/Archives/edgar/data/106040/000010604018000016/0000106040-18-000016-index.htm",
    "finalLink": "https://www.sec.gov/Archives/edgar/data/106040/000010604018000016/wdc-2018q310xqxdoc.htm"
  },
  {
    "date": "2017-12-29",
    "symbol": "WDC",
    "reportedCurrency": "USD",
    "cik": "0000106040",
    "fillingDate": "2018-02-06",
    "acceptedDate": "2018-02-05 21:42:38",
    "calendarYear": "2018",
    "period": "Q2",
    "revenue": 5336000000,
    "costOfRevenue": 3323000000,
    "grossProfit": 2013000000,
    "grossProfitRatio": 0.3772488756,
    "researchAndDevelopmentExpenses": 629000000,
    "generalAndAdministrativeExpenses": 0,
    "sellingAndMarketingExpenses": 0,
    "sellingGeneralAndAdministrativeExpenses": 381000000,
    "otherExpenses": 2000000,
    "operatingExpenses": 1010000000,
    "costAndExpenses": 4333000000,
    "interestIncome": 14000000,
    "interestExpense": 181000000,
    "depreciationAndAmortization": 535000000,
    "ebitda": 1538000000,
    "ebitdaratio": 0.2882308846,
    "operatingIncome": 955000000,
    "operatingIncomeRatio": 0.1789730135,
    "totalOtherIncomeExpensesNet": -181000000,
    "incomeBeforeTax": 774000000,
    "incomeBeforeTaxRatio": 0.1450524738,
    "incomeTaxExpense": 1597000000,
    "netIncome": -823000000,
    "netIncomeRatio": -0.1542353823,
    "eps": -2.78,
    "epsdiluted": -2.78,
    "weightedAverageShsOut": 296000000,
    "weightedAverageShsOutDil": 296000000,
    "link": "https://www.sec.gov/Archives/edgar/data/106040/000010604018000010/0000106040-18-000010-index.htm",
    "finalLink": "https://www.sec.gov/Archives/edgar/data/106040/000010604018000010/wdc-2018q210xqxdoc.htm"
  },
  {
    "date": "2017-09-29",
    "symbol": "WDC",
    "reportedCurrency": "USD",
    "cik": "0000106040",
    "fillingDate": "2017-11-07",
    "acceptedDate": "2017-11-06 21:17:15",
    "calendarYear": "2018",
    "period": "Q1",
    "revenue": 5181000000,
    "costOfRevenue": 3268000000,
    "grossProfit": 1913000000,
    "grossProfitRatio": 0.3692337387,
    "researchAndDevelopmentExpenses": 592000000,
    "generalAndAdministrativeExpenses": 0,
    "sellingAndMarketingExpenses": 0,
    "sellingGeneralAndAdministrativeExpenses": 364000000,
    "otherExpenses": -6000000,
    "operatingExpenses": 956000000,
    "costAndExpenses": 4224000000,
    "interestIncome": 16000000,
    "interestExpense": 195000000,
    "depreciationAndAmortization": 533000000,
    "ebitda": 1490000000,
    "ebitdaratio": 0.2875892685,
    "operatingIncome": 905000000,
    "operatingIncomeRatio": 0.1746767033,
    "totalOtherIncomeExpensesNet": -195000000,
    "incomeBeforeTax": 710000000,
    "incomeBeforeTaxRatio": 0.1370391816,
    "incomeTaxExpense": 29000000,
    "netIncome": 681000000,
    "netIncomeRatio": 0.1314418066,
    "eps": 2.31,
    "epsdiluted": 2.23,
    "weightedAverageShsOut": 295000000,
    "weightedAverageShsOutDil": 306000000,
    "link": "https://www.sec.gov/Archives/edgar/data/106040/000010604017000036/0000106040-17-000036-index.htm",
    "finalLink": "https://www.sec.gov/Archives/edgar/data/106040/000010604017000036/wdc-2018q110xqxdoc.htm"
  },
  {
    "date": "2017-06-30",
    "symbol": "WDC",
    "reportedCurrency": "USD",
    "cik": "0000106040",
    "fillingDate": "2017-08-29",
    "acceptedDate": "2017-08-28 21:32:48",
    "calendarYear": "2017",
    "period": "Q4",
    "revenue": 4842000000,
    "costOfRevenue": 3161000000,
    "grossProfit": 1681000000,
    "grossProfitRatio": 0.3471705907,
    "researchAndDevelopmentExpenses": 604000000,
    "generalAndAdministrativeExpenses": 256000000,
    "sellingAndMarketingExpenses": 89000000,
    "sellingGeneralAndAdministrativeExpenses": 345000000,
    "otherExpenses": -45000000,
    "operatingExpenses": 949000000,
    "costAndExpenses": 4110000000,
    "interestIncome": 9000000,
    "interestExpense": 237000000,
    "depreciationAndAmortization": 546000000,
    "ebitda": 1162000000,
    "ebitdaratio": 0.2639405204,
    "operatingIncome": 652000000,
    "operatingIncomeRatio": 0.1346551012,
    "totalOtherIncomeExpensesNet": -237000000,
    "incomeBeforeTax": 415000000,
    "incomeBeforeTaxRatio": 0.085708385,
    "incomeTaxExpense": 135000000,
    "netIncome": 280000000,
    "netIncomeRatio": 0.0578273441,
    "eps": 0.96,
    "epsdiluted": 0.93,
    "weightedAverageShsOut": 292000000,
    "weightedAverageShsOutDil": 301000000,
    "link": "https://www.sec.gov/Archives/edgar/data/106040/000010604017000027/0000106040-17-000027-index.htm",
    "finalLink": "https://www.sec.gov/Archives/edgar/data/106040/000010604017000027/wdc-2017q410xkxdoc.htm"
  },
  {
    "date": "2017-03-31",
    "symbol": "WDC",
    "reportedCurrency": "USD",
    "cik": "0000106040",
    "fillingDate": "2017-05-08",
    "acceptedDate": "2017-05-08 17:18:58",
    "calendarYear": "2017",
    "period": "Q3",
    "revenue": 4649000000,
    "costOfRevenue": 3126000000,
    "grossProfit": 1523000000,
    "grossProfitRatio": 0.3275973328,
    "researchAndDevelopmentExpenses": 613000000,
    "generalAndAdministrativeExpenses": 0,
    "sellingAndMarketingExpenses": 0,
    "sellingGeneralAndAdministrativeExpenses": 346000000,
    "otherExpenses": -23000000,
    "operatingExpenses": 959000000,
    "costAndExpenses": 4085000000,
    "interestIncome": 7000000,
    "interestExpense": 221000000,
    "depreciationAndAmortization": 560000000,
    "ebitda": 1124000000,
    "ebitdaratio": 0.2417724242,
    "operatingIncome": 525000000,
    "operatingIncomeRatio": 0.1129275113,
    "totalOtherIncomeExpensesNet": -221000000,
    "incomeBeforeTax": 304000000,
    "incomeBeforeTaxRatio": 0.0653904065,
    "incomeTaxExpense": 56000000,
    "netIncome": 248000000,
    "netIncomeRatio": 0.0533448053,
    "eps": 0.86,
    "epsdiluted": 0.83,
    "weightedAverageShsOut": 289000000,
    "weightedAverageShsOutDil": 299000000,
    "link": "https://www.sec.gov/Archives/edgar/data/106040/000010604017000013/0000106040-17-000013-index.htm",
    "finalLink": "https://www.sec.gov/Archives/edgar/data/106040/000010604017000013/wdc-2017q310xqxdoc.htm"
  },
  {
    "date": "2016-12-30",
    "symbol": "WDC",
    "reportedCurrency": "USD",
    "cik": "0000106040",
    "fillingDate": "2017-02-07",
    "acceptedDate": "2017-02-07 16:17:46",
    "calendarYear": "2017",
    "period": "Q2",
    "revenue": 4888000000,
    "costOfRevenue": 3355000000,
    "grossProfit": 1533000000,
    "grossProfitRatio": 0.3136252046,
    "researchAndDevelopmentExpenses": 585000000,
    "generalAndAdministrativeExpenses": 0,
    "sellingAndMarketingExpenses": 0,
    "sellingGeneralAndAdministrativeExpenses": 358000000,
    "otherExpenses": -24000000,
    "operatingExpenses": 943000000,
    "costAndExpenses": 4298000000,
    "interestIncome": 5000000,
    "interestExpense": 224000000,
    "depreciationAndAmortization": 514000000,
    "ebitda": 1104000000,
    "ebitdaratio": 0.2258592471,
    "operatingIncome": 545000000,
    "operatingIncomeRatio": 0.111497545,
    "totalOtherIncomeExpensesNet": -224000000,
    "incomeBeforeTax": 321000000,
    "incomeBeforeTaxRatio": 0.0656710311,
    "incomeTaxExpense": 86000000,
    "netIncome": 235000000,
    "netIncomeRatio": 0.0480769231,
    "eps": 0.82,
    "epsdiluted": 0.8,
    "weightedAverageShsOut": 286000000,
    "weightedAverageShsOutDil": 294000000,
    "link": "https://www.sec.gov/Archives/edgar/data/106040/000010604017000007/0000106040-17-000007-index.htm",
    "finalLink": "https://www.sec.gov/Archives/edgar/data/106040/000010604017000007/wdc-2017q210xqxdoc.htm"
  },
  {
    "date": "2016-09-30",
    "symbol": "WDC",
    "reportedCurrency": "USD",
    "cik": "0000106040",
    "fillingDate": "2016-11-08",
    "acceptedDate": "2016-11-08 16:50:04",
    "calendarYear": "2017",
    "period": "Q1",
    "revenue": 4714000000,
    "costOfRevenue": 3379000000,
    "grossProfit": 1335000000,
    "grossProfitRatio": 0.2831989818,
    "researchAndDevelopmentExpenses": 639000000,
    "generalAndAdministrativeExpenses": 0,
    "sellingAndMarketingExpenses": 0,
    "sellingGeneralAndAdministrativeExpenses": 396000000,
    "otherExpenses": -272000000,
    "operatingExpenses": 1035000000,
    "costAndExpenses": 4414000000,
    "interestIncome": 5000000,
    "interestExpense": 503000000,
    "depreciationAndAmortization": 508000000,
    "ebitda": 473000000,
    "ebitdaratio": 0.1714043275,
    "operatingIncome": 232000000,
    "operatingIncomeRatio": 0.0492151039,
    "totalOtherIncomeExpensesNet": -503000000,
    "incomeBeforeTax": -271000000,
    "incomeBeforeTaxRatio": -0.0574883326,
    "incomeTaxExpense": 95000000,
    "netIncome": -366000000,
    "netIncomeRatio": -0.0776410692,
    "eps": -1.28,
    "epsdiluted": -1.28,
    "weightedAverageShsOut": 285000000,
    "weightedAverageShsOutDil": 285000000,
    "link": "https://www.sec.gov/Archives/edgar/data/106040/000010604016000040/0000106040-16-000040-index.htm",
    "finalLink": "https://www.sec.gov/Archives/edgar/data/106040/000010604016000040/wdc-2017q110xqxdoc.htm"
  },
  {
    "date": "2016-07-01",
    "symbol": "WDC",
    "reportedCurrency": "USD",
    "cik": "0000106040",
    "fillingDate": "2016-08-29",
    "acceptedDate": "2016-08-26 21:44:04",
    "calendarYear": "2016",
    "period": "Q4",
    "revenue": 3495000000,
    "costOfRevenue": 2674000000,
    "grossProfit": 821000000,
    "grossProfitRatio": 0.23490701,
    "researchAndDevelopmentExpenses": 484000000,
    "generalAndAdministrativeExpenses": 340000000,
    "sellingAndMarketingExpenses": 60000000,
    "sellingGeneralAndAdministrativeExpenses": 400000000,
    "otherExpenses": 345000000,
    "operatingExpenses": 884000000,
    "costAndExpenses": 3558000000,
    "interestIncome": 9000000,
    "interestExpense": 290000000,
    "depreciationAndAmortization": 420000000,
    "ebitda": 161000000,
    "ebitdaratio": 0.1021459227,
    "operatingIncome": -180000000,
    "operatingIncomeRatio": -0.0515021459,
    "totalOtherIncomeExpensesNet": -290000000,
    "incomeBeforeTax": -470000000,
    "incomeBeforeTaxRatio": -0.1344778255,
    "incomeTaxExpense": -119000000,
    "netIncome": -351000000,
    "netIncomeRatio": -0.1004291845,
    "eps": -1.35,
    "epsdiluted": -1.34,
    "weightedAverageShsOut": 260715143,
    "weightedAverageShsOutDil": 261000000,
    "link": "https://www.sec.gov/Archives/edgar/data/106040/000010604016000033/0000106040-16-000033-index.htm",
    "finalLink": "https://www.sec.gov/Archives/edgar/data/106040/000010604016000033/wdc-7116x10k.htm"
  },
  {
    "date": "2016-04-01",
    "symbol": "WDC",
    "reportedCurrency": "USD",
    "cik": "0000106040",
    "fillingDate": "2016-05-09",
    "acceptedDate": "2016-05-09 17:11:22",
    "calendarYear": "2016",
    "period": "Q3",
    "revenue": 2822000000,
    "costOfRevenue": 2069000000,
    "grossProfit": 753000000,
    "grossProfitRatio": 0.266832034,
    "researchAndDevelopmentExpenses": 359000000,
    "generalAndAdministrativeExpenses": 0,
    "sellingAndMarketingExpenses": 0,
    "sellingGeneralAndAdministrativeExpenses": 166000000,
    "otherExpenses": 140000000,
    "operatingExpenses": 525000000,
    "costAndExpenses": 2594000000,
    "interestIncome": 6000000,
    "interestExpense": 14000000,
    "depreciationAndAmortization": 246000000,
    "ebitda": 474000000,
    "ebitdaratio": 0.2175761871,
    "operatingIncome": 88000000,
    "operatingIncomeRatio": 0.0311835578,
    "totalOtherIncomeExpensesNet": -8000000,
    "incomeBeforeTax": 80000000,
    "incomeBeforeTaxRatio": 0.0283486889,
    "incomeTaxExpense": 6000000,
    "netIncome": 74000000,
    "netIncomeRatio": 0.0262225372,
    "eps": 0.32,
    "epsdiluted": 0.32,
    "weightedAverageShsOut": 233000000,
    "weightedAverageShsOutDil": 234000000,
    "link": "https://www.sec.gov/Archives/edgar/data/106040/000010604016000022/0000106040-16-000022-index.htm",
    "finalLink": "https://www.sec.gov/Archives/edgar/data/106040/000010604016000022/wdc-040116x10q.htm"
  },
  {
    "date": "2016-01-01",
    "symbol": "WDC",
    "reportedCurrency": "USD",
    "cik": "0000106040",
    "fillingDate": "2016-02-10",
    "acceptedDate": "2016-02-10 16:51:57",
    "calendarYear": "2016",
    "period": "Q2",
    "revenue": 3317000000,
    "costOfRevenue": 2411000000,
    "grossProfit": 906000000,
    "grossProfitRatio": 0.2731383781,
    "researchAndDevelopmentExpenses": 389000000,
    "generalAndAdministrativeExpenses": 0,
    "sellingAndMarketingExpenses": 0,
    "sellingGeneralAndAdministrativeExpenses": 207000000,
    "otherExpenses": 59000000,
    "operatingExpenses": 596000000,
    "costAndExpenses": 3007000000,
    "interestIncome": 6000000,
    "interestExpense": 13000000,
    "depreciationAndAmortization": 252000000,
    "ebitda": 530000000,
    "ebitdaratio": 0.1712390715,
    "operatingIncome": 251000000,
    "operatingIncomeRatio": 0.0756707869,
    "totalOtherIncomeExpensesNet": -7000000,
    "incomeBeforeTax": 244000000,
    "incomeBeforeTaxRatio": 0.0735604462,
    "incomeTaxExpense": -7000000,
    "netIncome": 251000000,
    "netIncomeRatio": 0.0756707869,
    "eps": 1.08,
    "epsdiluted": 1.07,
    "weightedAverageShsOut": 232000000,
    "weightedAverageShsOutDil": 234000000,
    "link": "https://www.sec.gov/Archives/edgar/data/106040/000010604016000019/0000106040-16-000019-index.htm",
    "finalLink": "https://www.sec.gov/Archives/edgar/data/106040/000010604016000019/wdc-010116x10q.htm"
  },
  {
    "date": "2015-10-02",
    "symbol": "WDC",
    "reportedCurrency": "USD",
    "cik": "0000106040",
    "fillingDate": "2015-11-10",
    "acceptedDate": "2015-11-09 20:05:56",
    "calendarYear": "2016",
    "period": "Q1",
    "revenue": 3360000000,
    "costOfRevenue": 2405000000,
    "grossProfit": 955000000,
    "grossProfitRatio": 0.2842261905,
    "researchAndDevelopmentExpenses": 385000000,
    "generalAndAdministrativeExpenses": 0,
    "sellingAndMarketingExpenses": 0,
    "sellingGeneralAndAdministrativeExpenses": 192000000,
    "otherExpenses": 0,
    "operatingExpenses": 577000000,
    "costAndExpenses": 2982000000,
    "interestIncome": 5000000,
    "interestExpense": 13000000,
    "depreciationAndAmortization": 236000000,
    "ebitda": 614000000,
    "ebitdaratio": 0.1994047619,
    "operatingIncome": 322000000,
    "operatingIncomeRatio": 0.0958333333,
    "totalOtherIncomeExpensesNet": -8000000,
    "incomeBeforeTax": 314000000,
    "incomeBeforeTaxRatio": 0.093452381,
    "incomeTaxExpense": 31000000,
    "netIncome": 283000000,
    "netIncomeRatio": 0.0842261905,
    "eps": 1.23,
    "epsdiluted": 1.21,
    "weightedAverageShsOut": 231000000,
    "weightedAverageShsOutDil": 234000000,
    "link": "https://www.sec.gov/Archives/edgar/data/106040/000010604015000014/0000106040-15-000014-index.htm",
    "finalLink": "https://www.sec.gov/Archives/edgar/data/106040/000010604015000014/wdc-100215x10q.htm"
  },
  {
    "date": "2015-07-03",
    "symbol": "WDC",
    "reportedCurrency": "USD",
    "cik": "0000106040",
    "fillingDate": "2015-08-21",
    "acceptedDate": "2015-08-21 17:13:13",
    "calendarYear": "2015",
    "period": "Q4",
    "revenue": 3191000000,
    "costOfRevenue": 2261000000,
    "grossProfit": 930000000,
    "grossProfitRatio": 0.2914446882,
    "researchAndDevelopmentExpenses": 381000000,
    "generalAndAdministrativeExpenses": 119000000,
    "sellingAndMarketingExpenses": 71000000,
    "sellingGeneralAndAdministrativeExpenses": 190000000,
    "otherExpenses": 191000000,
    "operatingExpenses": 571000000,
    "costAndExpenses": 2832000000,
    "interestIncome": 4000000,
    "interestExpense": 12000000,
    "depreciationAndAmortization": 250000000,
    "ebitda": 572000000,
    "ebitdaratio": 0.2234409276,
    "operatingIncome": 255000000,
    "operatingIncomeRatio": 0.0799122532,
    "totalOtherIncomeExpensesNet": -8000000,
    "incomeBeforeTax": 247000000,
    "incomeBeforeTaxRatio": 0.0774052021,
    "incomeTaxExpense": 27000000,
    "netIncome": 220000000,
    "netIncomeRatio": 0.0689439047,
    "eps": 0.95,
    "epsdiluted": 0.94,
    "weightedAverageShsOut": 231000000,
    "weightedAverageShsOutDil": 235000000,
    "link": "https://www.sec.gov/Archives/edgar/data/106040/000010604015000010/0000106040-15-000010-index.htm",
    "finalLink": "https://www.sec.gov/Archives/edgar/data/106040/000010604015000010/wdc731510k.htm"
  },
  {
    "date": "2015-04-03",
    "symbol": "WDC",
    "reportedCurrency": "USD",
    "cik": "0000106040",
    "fillingDate": "2015-05-12",
    "acceptedDate": "2015-05-11 19:36:55",
    "calendarYear": "2015",
    "period": "Q3",
    "revenue": 3550000000,
    "costOfRevenue": 2518000000,
    "grossProfit": 1032000000,
    "grossProfitRatio": 0.2907042254,
    "researchAndDevelopmentExpenses": 402000000,
    "generalAndAdministrativeExpenses": 0,
    "sellingAndMarketingExpenses": 0,
    "sellingGeneralAndAdministrativeExpenses": 199000000,
    "otherExpenses": 10000000,
    "operatingExpenses": 601000000,
    "costAndExpenses": 3119000000,
    "interestIncome": 3000000,
    "interestExpense": 12000000,
    "depreciationAndAmortization": 285000000,
    "ebitda": 716000000,
    "ebitdaratio": 0.2045070423,
    "operatingIncome": 421000000,
    "operatingIncomeRatio": 0.1185915493,
    "totalOtherIncomeExpensesNet": -9000000,
    "incomeBeforeTax": 412000000,
    "incomeBeforeTaxRatio": 0.116056338,
    "incomeTaxExpense": 28000000,
    "netIncome": 384000000,
    "netIncomeRatio": 0.1081690141,
    "eps": 1.66,
    "epsdiluted": 1.63,
    "weightedAverageShsOut": 231000000,
    "weightedAverageShsOutDil": 236000000,
    "link": "https://www.sec.gov/Archives/edgar/data/106040/000162828015004065/0001628280-15-004065-index.htm",
    "finalLink": "https://www.sec.gov/Archives/edgar/data/106040/000162828015004065/wdc-040315x10q.htm"
  },
  {
    "date": "2015-01-02",
    "symbol": "WDC",
    "reportedCurrency": "USD",
    "cik": "0000106040",
    "fillingDate": "2015-02-10",
    "acceptedDate": "2015-02-10 17:18:29",
    "calendarYear": "2015",
    "period": "Q2",
    "revenue": 3888000000,
    "costOfRevenue": 2756000000,
    "grossProfit": 1132000000,
    "grossProfitRatio": 0.2911522634,
    "researchAndDevelopmentExpenses": 426000000,
    "generalAndAdministrativeExpenses": 0,
    "sellingAndMarketingExpenses": 0,
    "sellingGeneralAndAdministrativeExpenses": 164000000,
    "otherExpenses": 54000000,
    "operatingExpenses": 590000000,
    "costAndExpenses": 3346000000,
    "interestIncome": 4000000,
    "interestExpense": 12000000,
    "depreciationAndAmortization": 290000000,
    "ebitda": 810000000,
    "ebitdaratio": 0.2278806584,
    "operatingIncome": 488000000,
    "operatingIncomeRatio": 0.1255144033,
    "totalOtherIncomeExpensesNet": -8000000,
    "incomeBeforeTax": 480000000,
    "incomeBeforeTaxRatio": 0.1234567901,
    "incomeTaxExpense": 20000000,
    "netIncome": 438000000,
    "netIncomeRatio": 0.112654321,
    "eps": 1.97,
    "epsdiluted": 1.93,
    "weightedAverageShsOut": 233000000,
    "weightedAverageShsOutDil": 238000000,
    "link": "https://www.sec.gov/Archives/edgar/data/106040/000010604015000003/0000106040-15-000003-index.htm",
    "finalLink": "https://www.sec.gov/Archives/edgar/data/106040/000010604015000003/wdc-010215x10q.htm"
  },
  {
    "date": "2014-10-03",
    "symbol": "WDC",
    "reportedCurrency": "USD",
    "cik": "0000106040",
    "fillingDate": "2014-11-04",
    "acceptedDate": "2014-11-04 16:52:43",
    "calendarYear": "2015",
    "period": "Q1",
    "revenue": 3943000000,
    "costOfRevenue": 2794000000,
    "grossProfit": 1149000000,
    "grossProfitRatio": 0.2914024854,
    "researchAndDevelopmentExpenses": 437000000,
    "generalAndAdministrativeExpenses": 0,
    "sellingAndMarketingExpenses": 0,
    "sellingGeneralAndAdministrativeExpenses": 220000000,
    "otherExpenses": 23000000,
    "operatingExpenses": 657000000,
    "costAndExpenses": 3451000000,
    "interestIncome": 4000000,
    "interestExpense": 13000000,
    "depreciationAndAmortization": 289000000,
    "ebitda": 781000000,
    "ebitdaratio": 0.2039056556,
    "operatingIncome": 469000000,
    "operatingIncomeRatio": 0.1189449658,
    "totalOtherIncomeExpensesNet": -9000000,
    "incomeBeforeTax": 460000000,
    "incomeBeforeTaxRatio": 0.1166624398,
    "incomeTaxExpense": 37000000,
    "netIncome": 423000000,
    "netIncomeRatio": 0.1072787218,
    "eps": 1.81,
    "epsdiluted": 1.76,
    "weightedAverageShsOut": 234000000,
    "weightedAverageShsOutDil": 240000000,
    "link": "https://www.sec.gov/Archives/edgar/data/106040/000144530514004772/0001445305-14-004772-index.htm",
    "finalLink": "https://www.sec.gov/Archives/edgar/data/106040/000144530514004772/wdc-100314x10q.htm"
  },
  {
    "date": "2014-06-27",
    "symbol": "WDC",
    "reportedCurrency": "USD",
    "cik": "0000106040",
    "fillingDate": "2014-08-15",
    "acceptedDate": "2014-08-14 19:40:13",
    "calendarYear": "2014",
    "period": "Q4",
    "revenue": 3651000000,
    "costOfRevenue": 2622000000,
    "grossProfit": 1029000000,
    "grossProfitRatio": 0.2818405916,
    "researchAndDevelopmentExpenses": 426000000,
    "generalAndAdministrativeExpenses": 142000000,
    "sellingAndMarketingExpenses": 60000000,
    "sellingGeneralAndAdministrativeExpenses": 202000000,
    "otherExpenses": 147000000,
    "operatingExpenses": 628000000,
    "costAndExpenses": 3250000000,
    "interestIncome": 7000000,
    "interestExpense": 12000000,
    "depreciationAndAmortization": 308000000,
    "ebitda": 709000000,
    "ebitdaratio": 0.2076143522,
    "operatingIncome": 352000000,
    "operatingIncomeRatio": 0.0964119419,
    "totalOtherIncomeExpensesNet": -5000000,
    "incomeBeforeTax": 347000000,
    "incomeBeforeTaxRatio": 0.0950424541,
    "incomeTaxExpense": 30000000,
    "netIncome": 317000000,
    "netIncomeRatio": 0.0868255273,
    "eps": 1.35,
    "epsdiluted": 1.32,
    "weightedAverageShsOut": 234000000,
    "weightedAverageShsOutDil": 241000000,
    "link": "https://www.sec.gov/Archives/edgar/data/106040/000010604014000015/0000106040-14-000015-index.htm",
    "finalLink": "https://www.sec.gov/Archives/edgar/data/106040/000010604014000015/wdc6271410k.htm"
  },
  {
    "date": "2014-03-28",
    "symbol": "WDC",
    "reportedCurrency": "USD",
    "cik": "0000106040",
    "fillingDate": "2014-05-05",
    "acceptedDate": "2014-05-02 19:37:22",
    "calendarYear": "2014",
    "period": "Q3",
    "revenue": 3703000000,
    "costOfRevenue": 2643000000,
    "grossProfit": 1060000000,
    "grossProfitRatio": 0.2862543883,
    "researchAndDevelopmentExpenses": 426000000,
    "generalAndAdministrativeExpenses": 0,
    "sellingAndMarketingExpenses": 0,
    "sellingGeneralAndAdministrativeExpenses": 202000000,
    "otherExpenses": 13000000,
    "operatingExpenses": 628000000,
    "costAndExpenses": 3271000000,
    "interestIncome": 4000000,
    "interestExpense": 17000000,
    "depreciationAndAmortization": 307000000,
    "ebitda": 764000000,
    "ebitdaratio": 0.2030785849,
    "operatingIncome": 419000000,
    "operatingIncomeRatio": 0.1131514988,
    "totalOtherIncomeExpensesNet": -13000000,
    "incomeBeforeTax": 406000000,
    "incomeBeforeTaxRatio": 0.1096408318,
    "incomeTaxExpense": 31000000,
    "netIncome": 375000000,
    "netIncomeRatio": 0.1012692412,
    "eps": 1.6,
    "epsdiluted": 1.55,
    "weightedAverageShsOut": 235000000,
    "weightedAverageShsOutDil": 242000000,
    "link": "https://www.sec.gov/Archives/edgar/data/106040/000010604014000007/0000106040-14-000007-index.htm",
    "finalLink": "https://www.sec.gov/Archives/edgar/data/106040/000010604014000007/wdc-032814x10q.htm"
  },
  {
    "date": "2013-12-27",
    "symbol": "WDC",
    "reportedCurrency": "USD",
    "cik": "0000106040",
    "fillingDate": "2014-01-31",
    "acceptedDate": "2014-01-31 14:57:33",
    "calendarYear": "2014",
    "period": "Q2",
    "revenue": 3972000000,
    "costOfRevenue": 2831000000,
    "grossProfit": 1141000000,
    "grossProfitRatio": 0.2872608258,
    "researchAndDevelopmentExpenses": 421000000,
    "generalAndAdministrativeExpenses": 0,
    "sellingAndMarketingExpenses": 0,
    "sellingGeneralAndAdministrativeExpenses": 229000000,
    "otherExpenses": 13000000,
    "operatingExpenses": 650000000,
    "costAndExpenses": 3481000000,
    "interestIncome": 3000000,
    "interestExpense": 14000000,
    "depreciationAndAmortization": 317000000,
    "ebitda": 831000000,
    "ebitdaratio": 0.2066968781,
    "operatingIncome": 478000000,
    "operatingIncomeRatio": 0.1203423968,
    "totalOtherIncomeExpensesNet": -11000000,
    "incomeBeforeTax": 467000000,
    "incomeBeforeTaxRatio": 0.1175730111,
    "incomeTaxExpense": 37000000,
    "netIncome": 430000000,
    "netIncomeRatio": 0.1082578046,
    "eps": 1.82,
    "epsdiluted": 1.77,
    "weightedAverageShsOut": 236000000,
    "weightedAverageShsOutDil": 243000000,
    "link": "https://www.sec.gov/Archives/edgar/data/106040/000010604014000002/0000106040-14-000002-index.htm",
    "finalLink": "https://www.sec.gov/Archives/edgar/data/106040/000010604014000002/wdc-122713x10q.htm"
  },
  {
    "date": "2013-09-27",
    "symbol": "WDC",
    "reportedCurrency": "USD",
    "cik": "0000106040",
    "fillingDate": "2013-10-29",
    "acceptedDate": "2013-10-29 12:54:54",
    "calendarYear": "2014",
    "period": "Q1",
    "revenue": 3804000000,
    "costOfRevenue": 2716000000,
    "grossProfit": 1088000000,
    "grossProfitRatio": 0.2860147213,
    "researchAndDevelopmentExpenses": 401000000,
    "generalAndAdministrativeExpenses": 0,
    "sellingAndMarketingExpenses": 0,
    "sellingGeneralAndAdministrativeExpenses": 132000000,
    "otherExpenses": 13000000,
    "operatingExpenses": 533000000,
    "costAndExpenses": 3249000000,
    "interestIncome": 3000000,
    "interestExpense": 13000000,
    "depreciationAndAmortization": 312000000,
    "ebitda": 813000000,
    "ebitdaratio": 0.2313354364,
    "operatingIncome": 542000000,
    "operatingIncomeRatio": 0.1424815983,
    "totalOtherIncomeExpensesNet": -10000000,
    "incomeBeforeTax": 532000000,
    "incomeBeforeTaxRatio": 0.1398527865,
    "incomeTaxExpense": 37000000,
    "netIncome": 495000000,
    "netIncomeRatio": 0.130126183,
    "eps": 2.1,
    "epsdiluted": 2.05,
    "weightedAverageShsOut": 236000000,
    "weightedAverageShsOutDil": 242000000,
    "link": "https://www.sec.gov/Archives/edgar/data/106040/000010604013000005/0000106040-13-000005-index.htm",
    "finalLink": "https://www.sec.gov/Archives/edgar/data/106040/000010604013000005/wdc-092713x10q.htm"
  },
  {
    "date": "2013-06-28",
    "symbol": "WDC",
    "reportedCurrency": "USD",
    "cik": "0000106040",
    "fillingDate": "2013-08-19",
    "acceptedDate": "2013-08-16 20:12:31",
    "calendarYear": "2013",
    "period": "Q4",
    "revenue": 3728000000,
    "costOfRevenue": 2678000000,
    "grossProfit": 1050000000,
    "grossProfitRatio": 0.2816523605,
    "researchAndDevelopmentExpenses": 402000000,
    "generalAndAdministrativeExpenses": 205000000,
    "sellingAndMarketingExpenses": -25000000,
    "sellingGeneralAndAdministrativeExpenses": 180000000,
    "otherExpenses": 819000000,
    "operatingExpenses": 582000000,
    "costAndExpenses": 3260000000,
    "interestIncome": 3000000,
    "interestExpense": 12000000,
    "depreciationAndAmortization": 302000000,
    "ebitda": 84000000,
    "ebitdaratio": 0.3913626609,
    "operatingIncome": -221000000,
    "operatingIncomeRatio": -0.0592811159,
    "totalOtherIncomeExpensesNet": -9000000,
    "incomeBeforeTax": -230000000,
    "incomeBeforeTaxRatio": -0.061695279,
    "incomeTaxExpense": 35000000,
    "netIncome": -265000000,
    "netIncomeRatio": -0.071083691,
    "eps": -1.13,
    "epsdiluted": -1.12,
    "weightedAverageShsOut": 235218931,
    "weightedAverageShsOutDil": 236000000,
    "link": "https://www.sec.gov/Archives/edgar/data/106040/000119312513338607/0001193125-13-338607-index.htm",
    "finalLink": "https://www.sec.gov/Archives/edgar/data/106040/000119312513338607/d547947d10k.htm"
  },
  {
    "date": "2013-03-29",
    "symbol": "WDC",
    "reportedCurrency": "USD",
    "cik": "0000106040",
    "fillingDate": "2013-05-03",
    "acceptedDate": "2013-05-03 16:47:06",
    "calendarYear": "2013",
    "period": "Q3",
    "revenue": 3764000000,
    "costOfRevenue": 2703000000,
    "grossProfit": 1061000000,
    "grossProfitRatio": 0.2818809777,
    "researchAndDevelopmentExpenses": 396000000,
    "generalAndAdministrativeExpenses": 0,
    "sellingAndMarketingExpenses": 0,
    "sellingGeneralAndAdministrativeExpenses": 185000000,
    "otherExpenses": 63000000,
    "operatingExpenses": 581000000,
    "costAndExpenses": 3284000000,
    "interestIncome": 3000000,
    "interestExpense": 14000000,
    "depreciationAndAmortization": 309000000,
    "ebitda": 729000000,
    "ebitdaratio": 0.2263549416,
    "operatingIncome": 417000000,
    "operatingIncomeRatio": 0.1107863974,
    "totalOtherIncomeExpensesNet": -11000000,
    "incomeBeforeTax": 406000000,
    "incomeBeforeTaxRatio": 0.1078639745,
    "incomeTaxExpense": 15000000,
    "netIncome": 391000000,
    "netIncomeRatio": 0.1038788523,
    "eps": 1.64,
    "epsdiluted": 1.6,
    "weightedAverageShsOut": 239000000,
    "weightedAverageShsOutDil": 245000000,
    "link": "https://www.sec.gov/Archives/edgar/data/106040/000119312513199322/0001193125-13-199322-index.htm",
    "finalLink": "https://www.sec.gov/Archives/edgar/data/106040/000119312513199322/d513685d10q.htm"
  },
  {
    "date": "2012-12-28",
    "symbol": "WDC",
    "reportedCurrency": "USD",
    "cik": "0000106040",
    "fillingDate": "2013-02-01",
    "acceptedDate": "2013-02-01 16:02:18",
    "calendarYear": "2013",
    "period": "Q2",
    "revenue": 3824000000,
    "costOfRevenue": 2765000000,
    "grossProfit": 1059000000,
    "grossProfitRatio": 0.2769351464,
    "researchAndDevelopmentExpenses": 378000000,
    "generalAndAdministrativeExpenses": 0,
    "sellingAndMarketingExpenses": 0,
    "sellingGeneralAndAdministrativeExpenses": 162000000,
    "otherExpenses": 41000000,
    "operatingExpenses": 540000000,
    "costAndExpenses": 3305000000,
    "interestIncome": 3000000,
    "interestExpense": 13000000,
    "depreciationAndAmortization": 309000000,
    "ebitda": 790000000,
    "ebitdaratio": 0.227248954,
    "operatingIncome": 478000000,
    "operatingIncomeRatio": 0.125,
    "totalOtherIncomeExpensesNet": -10000000,
    "incomeBeforeTax": 468000000,
    "incomeBeforeTaxRatio": 0.1223849372,
    "incomeTaxExpense": 133000000,
    "netIncome": 335000000,
    "netIncomeRatio": 0.0876046025,
    "eps": 1.38,
    "epsdiluted": 1.36,
    "weightedAverageShsOut": 242000000,
    "weightedAverageShsOutDil": 246000000,
    "link": "https://www.sec.gov/Archives/edgar/data/106040/000119312513034574/0001193125-13-034574-index.htm",
    "finalLink": "https://www.sec.gov/Archives/edgar/data/106040/000119312513034574/d460828d10q.htm"
  },
  {
    "date": "2012-09-28",
    "symbol": "WDC",
    "reportedCurrency": "USD",
    "cik": "0000106040",
    "fillingDate": "2012-11-02",
    "acceptedDate": "2012-11-02 17:26:04",
    "calendarYear": "2013",
    "period": "Q1",
    "revenue": 4035000000,
    "costOfRevenue": 2842000000,
    "grossProfit": 1193000000,
    "grossProfitRatio": 0.2956629492,
    "researchAndDevelopmentExpenses": 396000000,
    "generalAndAdministrativeExpenses": 205000000,
    "sellingAndMarketingExpenses": 0,
    "sellingGeneralAndAdministrativeExpenses": 205000000,
    "otherExpenses": 26000000,
    "operatingExpenses": 601000000,
    "costAndExpenses": 3443000000,
    "interestIncome": 2000000,
    "interestExpense": 16000000,
    "depreciationAndAmortization": 313000000,
    "ebitda": 907000000,
    "ebitdaratio": 0.2242874845,
    "operatingIncome": 592000000,
    "operatingIncomeRatio": 0.146716233,
    "totalOtherIncomeExpensesNet": -14000000,
    "incomeBeforeTax": 578000000,
    "incomeBeforeTaxRatio": 0.1432465923,
    "incomeTaxExpense": 59000000,
    "netIncome": 519000000,
    "netIncomeRatio": 0.1286245353,
    "eps": 2.11,
    "epsdiluted": 2.06,
    "weightedAverageShsOut": 246000000,
    "weightedAverageShsOutDil": 252000000,
    "link": "https://www.sec.gov/Archives/edgar/data/106040/000119312512449441/0001193125-12-449441-index.htm",
    "finalLink": "https://www.sec.gov/Archives/edgar/data/106040/000119312512449441/d419625d10q.htm"
  },
  {
    "date": "2012-06-29",
    "symbol": "WDC",
    "reportedCurrency": "USD",
    "cik": "0000106040",
    "fillingDate": "2012-08-20",
    "acceptedDate": "2012-08-17 18:58:09",
    "calendarYear": "2012",
    "period": "Q4",
    "revenue": 4754000000,
    "costOfRevenue": 3282000000,
    "grossProfit": 1472000000,
    "grossProfitRatio": 0.3096339924,
    "researchAndDevelopmentExpenses": 406000000,
    "generalAndAdministrativeExpenses": 0,
    "sellingAndMarketingExpenses": 0,
    "sellingGeneralAndAdministrativeExpenses": 178000000,
    "otherExpenses": -214000000,
    "operatingExpenses": 370000000,
    "costAndExpenses": 3652000000,
    "interestIncome": 3000000,
    "interestExpense": 9000000,
    "depreciationAndAmortization": 339000000,
    "ebitda": 1150000000,
    "ebitdaratio": 0.2419015566,
    "operatingIncome": 808000000,
    "operatingIncomeRatio": 0.1699621371,
    "totalOtherIncomeExpensesNet": -6000000,
    "incomeBeforeTax": 802000000,
    "incomeBeforeTaxRatio": 0.1687000421,
    "incomeTaxExpense": 57000000,
    "netIncome": 745000000,
    "netIncomeRatio": 0.1567101388,
    "eps": 3.03,
    "epsdiluted": 2.96,
    "weightedAverageShsOut": 246000000,
    "weightedAverageShsOutDil": 252000000,
    "link": "https://www.sec.gov/Archives/edgar/data/106040/000119312512361018/0001193125-12-361018-index.htm",
    "finalLink": "https://www.sec.gov/Archives/edgar/data/106040/000119312512361018/d356205d10k.htm"
  },
  {
    "date": "2012-03-30",
    "symbol": "WDC",
    "reportedCurrency": "USD",
    "cik": "0000106040",
    "fillingDate": "2012-05-09",
    "acceptedDate": "2012-05-09 10:59:27",
    "calendarYear": "2012",
    "period": "Q3",
    "revenue": 3035000000,
    "costOfRevenue": 2058000000,
    "grossProfit": 977000000,
    "grossProfitRatio": 0.3219110379,
    "researchAndDevelopmentExpenses": 265000000,
    "generalAndAdministrativeExpenses": 0,
    "sellingAndMarketingExpenses": 0,
    "sellingGeneralAndAdministrativeExpenses": 155000000,
    "otherExpenses": 15000000,
    "operatingExpenses": 435000000,
    "costAndExpenses": 2493000000,
    "interestIncome": 3000000,
    "interestExpense": 7000000,
    "depreciationAndAmortization": 188000000,
    "ebitda": 733000000,
    "ebitdaratio": 0.2405271829,
    "operatingIncome": 542000000,
    "operatingIncomeRatio": 0.178583196,
    "totalOtherIncomeExpensesNet": -4000000,
    "incomeBeforeTax": 538000000,
    "incomeBeforeTaxRatio": 0.1772652389,
    "incomeTaxExpense": 55000000,
    "netIncome": 483000000,
    "netIncomeRatio": 0.1591433278,
    "eps": 2,
    "epsdiluted": 1.96,
    "weightedAverageShsOut": 241000000,
    "weightedAverageShsOutDil": 246000000,
    "link": "https://www.sec.gov/Archives/edgar/data/106040/000119312512220791/0001193125-12-220791-index.htm",
    "finalLink": "https://www.sec.gov/Archives/edgar/data/106040/000119312512220791/d326803d10q.htm"
  },
  {
    "date": "2011-12-30",
    "symbol": "WDC",
    "reportedCurrency": "USD",
    "cik": "0000106040",
    "fillingDate": "2012-01-27",
    "acceptedDate": "2012-01-27 15:02:09",
    "calendarYear": "2012",
    "period": "Q2",
    "revenue": 1995000000,
    "costOfRevenue": 1347000000,
    "grossProfit": 648000000,
    "grossProfitRatio": 0.3248120301,
    "researchAndDevelopmentExpenses": 191000000,
    "generalAndAdministrativeExpenses": 0,
    "sellingAndMarketingExpenses": 0,
    "sellingGeneralAndAdministrativeExpenses": 96000000,
    "otherExpenses": 199000000,
    "operatingExpenses": 486000000,
    "costAndExpenses": 1833000000,
    "interestIncome": 3000000,
    "interestExpense": 2000000,
    "depreciationAndAmortization": 140000000,
    "ebitda": 305000000,
    "ebitdaratio": 0.1513784461,
    "operatingIncome": 162000000,
    "operatingIncomeRatio": 0.0812030075,
    "totalOtherIncomeExpensesNet": -2000000,
    "incomeBeforeTax": 160000000,
    "incomeBeforeTaxRatio": 0.0802005013,
    "incomeTaxExpense": 15000000,
    "netIncome": 145000000,
    "netIncomeRatio": 0.0726817043,
    "eps": 0.62,
    "epsdiluted": 0.61,
    "weightedAverageShsOut": 234000000,
    "weightedAverageShsOutDil": 237000000,
    "link": "https://www.sec.gov/Archives/edgar/data/106040/000119312512026854/0001193125-12-026854-index.htm",
    "finalLink": "https://www.sec.gov/Archives/edgar/data/106040/000119312512026854/d275388d10q.htm"
  },
  {
    "date": "2011-09-30",
    "symbol": "WDC",
    "reportedCurrency": "USD",
    "cik": "0000106040",
    "fillingDate": "2011-10-28",
    "acceptedDate": "2011-10-28 17:02:51",
    "calendarYear": "2012",
    "period": "Q1",
    "revenue": 2694000000,
    "costOfRevenue": 2153000000,
    "grossProfit": 541000000,
    "grossProfitRatio": 0.2008166295,
    "researchAndDevelopmentExpenses": 193000000,
    "generalAndAdministrativeExpenses": 89000000,
    "sellingAndMarketingExpenses": 0,
    "sellingGeneralAndAdministrativeExpenses": 89000000,
    "otherExpenses": 0,
    "operatingExpenses": 282000000,
    "costAndExpenses": 2435000000,
    "interestIncome": 3000000,
    "interestExpense": 1000000,
    "depreciationAndAmortization": 158000000,
    "ebitda": 420000000,
    "ebitdaratio": 0.1547884187,
    "operatingIncome": 259000000,
    "operatingIncomeRatio": 0.0961395694,
    "totalOtherIncomeExpensesNet": -1000000,
    "incomeBeforeTax": 258000000,
    "incomeBeforeTaxRatio": 0.0957683742,
    "incomeTaxExpense": 19000000,
    "netIncome": 239000000,
    "netIncomeRatio": 0.0887156644,
    "eps": 1.03,
    "epsdiluted": 1.01,
    "weightedAverageShsOut": 233000000,
    "weightedAverageShsOutDil": 237000000,
    "link": "https://www.sec.gov/Archives/edgar/data/106040/000095012311093040/0000950123-11-093040-index.htm",
    "finalLink": "https://www.sec.gov/Archives/edgar/data/106040/000095012311093040/c22815e10vq.htm"
  },
  {
    "date": "2011-07-01",
    "symbol": "WDC",
    "reportedCurrency": "USD",
    "cik": "0000106040",
    "fillingDate": "2011-08-12",
    "acceptedDate": "2011-08-11 19:03:00",
    "calendarYear": "2011",
    "period": "Q4",
    "revenue": 2403000000,
    "costOfRevenue": 1934000000,
    "grossProfit": 469000000,
    "grossProfitRatio": 0.1951727008,
    "researchAndDevelopmentExpenses": 188000000,
    "generalAndAdministrativeExpenses": 0,
    "sellingAndMarketingExpenses": 0,
    "sellingGeneralAndAdministrativeExpenses": 109000000,
    "otherExpenses": 0,
    "operatingExpenses": 297000000,
    "costAndExpenses": 2231000000,
    "interestIncome": 3000000,
    "interestExpense": 4000000,
    "depreciationAndAmortization": 150000000,
    "ebitda": 325000000,
    "ebitdaratio": 0.1352476072,
    "operatingIncome": 172000000,
    "operatingIncomeRatio": 0.0715771952,
    "totalOtherIncomeExpensesNet": -1000000,
    "incomeBeforeTax": 171000000,
    "incomeBeforeTaxRatio": 0.0711610487,
    "incomeTaxExpense": 13000000,
    "netIncome": 158000000,
    "netIncomeRatio": 0.0657511444,
    "eps": 0.68,
    "epsdiluted": 0.67,
    "weightedAverageShsOut": 233000000,
    "weightedAverageShsOutDil": 237000000,
    "link": "https://www.sec.gov/Archives/edgar/data/106040/000095012311076255/0000950123-11-076255-index.htm",
    "finalLink": "https://www.sec.gov/Archives/edgar/data/106040/000095012311076255/a59422e10vk.htm"
  },
  {
    "date": "2011-04-01",
    "symbol": "WDC",
    "reportedCurrency": "USD",
    "cik": "0000106040",
    "fillingDate": "2011-05-02",
    "acceptedDate": "2011-04-29 21:14:01",
    "calendarYear": "2011",
    "period": "Q3",
    "revenue": 2252000000,
    "costOfRevenue": 1842000000,
    "grossProfit": 410000000,
    "grossProfitRatio": 0.1820603908,
    "researchAndDevelopmentExpenses": 179000000,
    "generalAndAdministrativeExpenses": 0,
    "sellingAndMarketingExpenses": 0,
    "sellingGeneralAndAdministrativeExpenses": 73000000,
    "otherExpenses": 0,
    "operatingExpenses": 252000000,
    "costAndExpenses": 2094000000,
    "interestIncome": 2000000,
    "interestExpense": 1000000,
    "depreciationAndAmortization": 151000000,
    "ebitda": 311000000,
    "ebitdaratio": 0.1372113677,
    "operatingIncome": 158000000,
    "operatingIncomeRatio": 0.0701598579,
    "totalOtherIncomeExpensesNet": 1000000,
    "incomeBeforeTax": 159000000,
    "incomeBeforeTaxRatio": 0.0706039076,
    "incomeTaxExpense": 13000000,
    "netIncome": 146000000,
    "netIncomeRatio": 0.0648312611,
    "eps": 0.63,
    "epsdiluted": 0.62,
    "weightedAverageShsOut": 232000000,
    "weightedAverageShsOutDil": 236000000,
    "link": "https://www.sec.gov/Archives/edgar/data/106040/000095012311042391/0000950123-11-042391-index.htm",
    "finalLink": "https://www.sec.gov/Archives/edgar/data/106040/000095012311042391/c15158e10vq.htm"
  },
  {
    "date": "2010-12-31",
    "symbol": "WDC",
    "reportedCurrency": "USD",
    "cik": "0000106040",
    "fillingDate": "2011-01-28",
    "acceptedDate": "2011-01-27 21:00:27",
    "calendarYear": "2011",
    "period": "Q2",
    "revenue": 2475000000,
    "costOfRevenue": 2000000000,
    "grossProfit": 475000000,
    "grossProfitRatio": 0.1919191919,
    "researchAndDevelopmentExpenses": 169000000,
    "generalAndAdministrativeExpenses": 0,
    "sellingAndMarketingExpenses": 0,
    "sellingGeneralAndAdministrativeExpenses": 66000000,
    "otherExpenses": 0,
    "operatingExpenses": 235000000,
    "costAndExpenses": 2235000000,
    "interestIncome": 2000000,
    "interestExpense": 3000000,
    "depreciationAndAmortization": 151000000,
    "ebitda": 393000000,
    "ebitdaratio": 0.157979798,
    "operatingIncome": 240000000,
    "operatingIncomeRatio": 0.096969697,
    "totalOtherIncomeExpensesNet": -1000000,
    "incomeBeforeTax": 239000000,
    "incomeBeforeTaxRatio": 0.0965656566,
    "incomeTaxExpense": 14000000,
    "netIncome": 225000000,
    "netIncomeRatio": 0.0909090909,
    "eps": 0.98,
    "epsdiluted": 0.96,
    "weightedAverageShsOut": 230000000,
    "weightedAverageShsOutDil": 235000000,
    "link": "https://www.sec.gov/Archives/edgar/data/106040/000095012311006257/0000950123-11-006257-index.htm",
    "finalLink": "https://www.sec.gov/Archives/edgar/data/106040/000095012311006257/c10546e10vq.htm"
  },
  {
    "date": "2010-10-01",
    "symbol": "WDC",
    "reportedCurrency": "USD",
    "cik": "0000106040",
    "fillingDate": "2010-10-29",
    "acceptedDate": "2010-10-29 16:26:20",
    "calendarYear": "2011",
    "period": "Q1",
    "revenue": 2396000000,
    "costOfRevenue": 1959000000,
    "grossProfit": 437000000,
    "grossProfitRatio": 0.1823873122,
    "researchAndDevelopmentExpenses": 167000000,
    "generalAndAdministrativeExpenses": 0,
    "sellingAndMarketingExpenses": 0,
    "sellingGeneralAndAdministrativeExpenses": 59000000,
    "otherExpenses": 0,
    "operatingExpenses": 226000000,
    "costAndExpenses": 2185000000,
    "interestIncome": 2000000,
    "interestExpense": 2000000,
    "depreciationAndAmortization": 150000000,
    "ebitda": 363000000,
    "ebitdaratio": 0.1506677796,
    "operatingIncome": 211000000,
    "operatingIncomeRatio": 0.0880634391,
    "totalOtherIncomeExpensesNet": 0,
    "incomeBeforeTax": 211000000,
    "incomeBeforeTaxRatio": 0.0880634391,
    "incomeTaxExpense": 14000000,
    "netIncome": 197000000,
    "netIncomeRatio": 0.0822203673,
    "eps": 0.86,
    "epsdiluted": 0.84,
    "weightedAverageShsOut": 230000000,
    "weightedAverageShsOutDil": 234000000,
    "link": "https://www.sec.gov/Archives/edgar/data/106040/000095012310098182/0000950123-10-098182-index.htm",
    "finalLink": "https://www.sec.gov/Archives/edgar/data/106040/000095012310098182/c06950e10vq.htm"
  },
  {
    "date": "2010-07-02",
    "symbol": "WDC",
    "reportedCurrency": "USD",
    "cik": "0000106040",
    "fillingDate": "2010-08-13",
    "acceptedDate": "2010-08-13 16:56:51",
    "calendarYear": "2010",
    "period": "Q4",
    "revenue": 2382000000,
    "costOfRevenue": 1847000000,
    "grossProfit": 535000000,
    "grossProfitRatio": 0.2246011755,
    "researchAndDevelopmentExpenses": 155000000,
    "generalAndAdministrativeExpenses": 0,
    "sellingAndMarketingExpenses": 0,
    "sellingGeneralAndAdministrativeExpenses": 88000000,
    "otherExpenses": 0,
    "operatingExpenses": 243000000,
    "costAndExpenses": 2090000000,
    "interestIncome": 1000000,
    "interestExpense": 1000000,
    "depreciationAndAmortization": 134000000,
    "ebitda": 427000000,
    "ebitdaratio": 0.1792611251,
    "operatingIncome": 292000000,
    "operatingIncomeRatio": 0.1225860621,
    "totalOtherIncomeExpensesNet": 0,
    "incomeBeforeTax": 292000000,
    "incomeBeforeTaxRatio": 0.1225860621,
    "incomeTaxExpense": 28000000,
    "netIncome": 264000000,
    "netIncomeRatio": 0.1108312343,
    "eps": 1.15,
    "epsdiluted": 1.13,
    "weightedAverageShsOut": 230000000,
    "weightedAverageShsOutDil": 234000000,
    "link": "https://www.sec.gov/Archives/edgar/data/106040/000095012310077390/0000950123-10-077390-index.htm",
    "finalLink": "https://www.sec.gov/Archives/edgar/data/106040/000095012310077390/a56460e10vk.htm"
  },
  {
    "date": "2010-04-02",
    "symbol": "WDC",
    "reportedCurrency": "USD",
    "cik": "0000106040",
    "fillingDate": "2010-04-30",
    "acceptedDate": "2010-04-30 14:03:16",
    "calendarYear": "2010",
    "period": "Q3",
    "revenue": 2641000000,
    "costOfRevenue": 1976000000,
    "grossProfit": 665000000,
    "grossProfitRatio": 0.2517985612,
    "researchAndDevelopmentExpenses": 160000000,
    "generalAndAdministrativeExpenses": 0,
    "sellingAndMarketingExpenses": 0,
    "sellingGeneralAndAdministrativeExpenses": 64000000,
    "otherExpenses": 0,
    "operatingExpenses": 224000000,
    "costAndExpenses": 2200000000,
    "interestIncome": 1000000,
    "interestExpense": 2000000,
    "depreciationAndAmortization": 128000000,
    "ebitda": 569000000,
    "ebitdaratio": 0.2154486937,
    "operatingIncome": 441000000,
    "operatingIncomeRatio": 0.1669822037,
    "totalOtherIncomeExpensesNet": -1000000,
    "incomeBeforeTax": 440000000,
    "incomeBeforeTaxRatio": 0.1666035593,
    "incomeTaxExpense": 40000000,
    "netIncome": 400000000,
    "netIncomeRatio": 0.1514577811,
    "eps": 1.75,
    "epsdiluted": 1.71,
    "weightedAverageShsOut": 229000000,
    "weightedAverageShsOutDil": 234000000,
    "link": "https://www.sec.gov/Archives/edgar/data/106040/000095012310041578/0000950123-10-041578-index.htm",
    "finalLink": "https://www.sec.gov/Archives/edgar/data/106040/000095012310041578/a55375e10vq.htm"
  },
  {
    "date": "2010-01-01",
    "symbol": "WDC",
    "reportedCurrency": "USD",
    "cik": "0000106040",
    "fillingDate": "2010-01-29",
    "acceptedDate": "2010-01-29 16:25:23",
    "calendarYear": "2010",
    "period": "Q2",
    "revenue": 2619000000,
    "costOfRevenue": 1932000000,
    "grossProfit": 687000000,
    "grossProfitRatio": 0.2623138603,
    "researchAndDevelopmentExpenses": 154000000,
    "generalAndAdministrativeExpenses": 0,
    "sellingAndMarketingExpenses": 0,
    "sellingGeneralAndAdministrativeExpenses": 60000000,
    "otherExpenses": 0,
    "operatingExpenses": 214000000,
    "costAndExpenses": 2146000000,
    "interestIncome": 1000000,
    "interestExpense": 3000000,
    "depreciationAndAmortization": 126000000,
    "ebitda": 600000000,
    "ebitdaratio": 0.2287132493,
    "operatingIncome": 473000000,
    "operatingIncomeRatio": 0.1806032837,
    "totalOtherIncomeExpensesNet": -2000000,
    "incomeBeforeTax": 471000000,
    "incomeBeforeTaxRatio": 0.1798396334,
    "incomeTaxExpense": 42000000,
    "netIncome": 429000000,
    "netIncomeRatio": 0.1638029782,
    "eps": 1.89,
    "epsdiluted": 1.85,
    "weightedAverageShsOut": 227000000,
    "weightedAverageShsOutDil": 232000000,
    "link": "https://www.sec.gov/Archives/edgar/data/106040/000095012310006821/0000950123-10-006821-index.htm",
    "finalLink": "https://www.sec.gov/Archives/edgar/data/106040/000095012310006821/a54504e10vq.htm"
  }
]