[
  {
    "date": "2024-09-30",
    "symbol": "SIMO",
    "reportedCurrency": "USD",
    "cik": "0001329394",
    "fillingDate": "2024-10-31",
    "acceptedDate": "2024-10-30 21:30:26",
    "calendarYear": "2024",
    "period": "Q3",
    "revenue": 213451703,
    "costOfRevenue": 113695801,
    "grossProfit": 99755902,
    "grossProfitRatio": 0.4673464798,
    "researchAndDevelopmentExpenses": 58486000,
    "generalAndAdministrativeExpenses": 9315000,
    "sellingAndMarketingExpenses": 7009000,
    "sellingGeneralAndAdministrativeExpenses": 16324000,
    "otherExpenses": 0,
    "operatingExpenses": 75176176,
    "costAndExpenses": 188871977,
    "interestIncome": 3518000,
    "interestExpense": 0,
    "depreciationAndAmortization": 5802000,
    "ebitda": 30262000,
    "ebitdaratio": 0.1417744603,
    "operatingIncome": 24579725,
    "operatingIncomeRatio": 0.1151535671,
    "totalOtherIncomeExpensesNet": 2439884,
    "incomeBeforeTax": 27019609,
    "incomeBeforeTaxRatio": 0.126584181,
    "incomeTaxExpense": 6074588,
    "netIncome": 20945021,
    "netIncomeRatio": 0.0981253403,
    "eps": 0.62,
    "epsdiluted": 0.62,
    "weightedAverageShsOut": 33687000,
    "weightedAverageShsOutDil": 33700000,
    "link": "https://www.sec.gov/Archives/edgar/data/1329394/000119312524247899/0001193125-24-247899-index.htm",
    "finalLink": "https://www.sec.gov/Archives/edgar/data/1329394/000119312524247899/d767261dex991.htm"
  },
  {
    "date": "2024-06-30",
    "symbol": "SIMO",
    "reportedCurrency": "USD",
    "cik": "0001329394",
    "fillingDate": "2024-05-03",
    "acceptedDate": "2024-05-03 06:30:49",
    "calendarYear": "2024",
    "period": "Q2",
    "revenue": 209894247,
    "costOfRevenue": 113473610,
    "grossProfit": 96420637,
    "grossProfitRatio": 0.4593772263,
    "researchAndDevelopmentExpenses": 50600982,
    "generalAndAdministrativeExpenses": 7215000,
    "sellingAndMarketingExpenses": 6777000,
    "sellingGeneralAndAdministrativeExpenses": 13940477,
    "otherExpenses": 1296000,
    "operatingExpenses": 64541459,
    "costAndExpenses": 178015070,
    "interestIncome": 4175000,
    "interestExpense": 0,
    "depreciationAndAmortization": 5780635,
    "ebitda": 42666310,
    "ebitdaratio": 0.179422831,
    "operatingIncome": 31879180,
    "operatingIncomeRatio": 0.1518821047,
    "totalOtherIncomeExpensesNet": 6138673,
    "incomeBeforeTax": 36885673,
    "incomeBeforeTaxRatio": 0.1757345593,
    "incomeTaxExpense": 6178165,
    "netIncome": 30821000,
    "netIncomeRatio": 0.1468406135,
    "eps": 0.91,
    "epsdiluted": 0.91,
    "weightedAverageShsOut": 33684000,
    "weightedAverageShsOutDil": 33697000,
    "link": "https://www.sec.gov/Archives/edgar/data/1329394/000119312524129898/0001193125-24-129898-index.htm",
    "finalLink": "https://www.sec.gov/Archives/edgar/data/1329394/000119312524129898/d784568dex991.htm"
  },
  {
    "date": "2024-03-31",
    "symbol": "SIMO",
    "reportedCurrency": "USD",
    "cik": "0001329394",
    "fillingDate": "2024-02-07",
    "acceptedDate": "2024-02-07 16:01:50",
    "calendarYear": "2024",
    "period": "Q1",
    "revenue": 188128549,
    "costOfRevenue": 103540215,
    "grossProfit": 84588334,
    "grossProfitRatio": 0.4496305024,
    "researchAndDevelopmentExpenses": 54052263,
    "generalAndAdministrativeExpenses": 6474000,
    "sellingAndMarketingExpenses": 6304000,
    "sellingGeneralAndAdministrativeExpenses": 12698187,
    "otherExpenses": 0,
    "operatingExpenses": 66750451,
    "costAndExpenses": 170290666,
    "interestIncome": 0,
    "interestExpense": 0,
    "depreciationAndAmortization": 5572972,
    "ebitda": 25444078,
    "ebitdaratio": 0.1244407089,
    "operatingIncome": 17837880,
    "operatingIncomeRatio": 0.0948175069,
    "totalOtherIncomeExpensesNet": 2033223,
    "incomeBeforeTax": 19871103,
    "incomeBeforeTaxRatio": 0.105625133,
    "incomeTaxExpense": 3955140,
    "netIncome": 16016000,
    "netIncomeRatio": 0.0851332777,
    "eps": 0.48,
    "epsdiluted": 0.47,
    "weightedAverageShsOut": 33508000,
    "weightedAverageShsOutDil": 33701000,
    "link": "https://www.sec.gov/Archives/edgar/data/1329394/000119312524026648/0001193125-24-026648-index.htm",
    "finalLink": "https://www.sec.gov/Archives/edgar/data/1329394/000119312524026648/d731196dex991.htm"
  },
  {
    "date": "2023-12-31",
    "symbol": "SIMO",
    "reportedCurrency": "USD",
    "cik": "0001329394",
    "fillingDate": "2023-11-02",
    "acceptedDate": "2023-11-02 09:29:56",
    "calendarYear": "2023",
    "period": "Q4",
    "revenue": 205084641,
    "costOfRevenue": 115376134,
    "grossProfit": 89708507,
    "grossProfitRatio": 0.4374218691,
    "researchAndDevelopmentExpenses": 57186449,
    "generalAndAdministrativeExpenses": 7600000,
    "sellingAndMarketingExpenses": 6205000,
    "sellingGeneralAndAdministrativeExpenses": 13989561,
    "otherExpenses": 0,
    "operatingExpenses": 71176011,
    "costAndExpenses": 186552146,
    "interestIncome": 4277431,
    "interestExpense": 0,
    "depreciationAndAmortization": 5427605,
    "ebitda": 26332394,
    "ebitdaratio": 0.1168303481,
    "operatingIncome": 18532500,
    "operatingIncomeRatio": 0.0903651288,
    "totalOtherIncomeExpensesNet": 3061000,
    "incomeBeforeTax": 20904792,
    "incomeBeforeTaxRatio": 0.1019325089,
    "incomeTaxExpense": -470203,
    "netIncome": 21092000,
    "netIncomeRatio": 0.1028453418,
    "eps": 0.64,
    "epsdiluted": 0.64,
    "weightedAverageShsOut": 33415999,
    "weightedAverageShsOutDil": 33587000,
    "link": "https://www.sec.gov/Archives/edgar/data/1329394/000119312523268949/0001193125-23-268949-index.htm",
    "finalLink": "https://www.sec.gov/Archives/edgar/data/1329394/000119312523268949/d570130dex991.htm"
  },
  {
    "date": "2023-09-30",
    "symbol": "SIMO",
    "reportedCurrency": "USD",
    "cik": "0001329394",
    "fillingDate": "2023-11-02",
    "acceptedDate": "2023-11-02 09:29:56",
    "calendarYear": "2023",
    "period": "Q3",
    "revenue": 172333000,
    "costOfRevenue": 99193000,
    "grossProfit": 73140000,
    "grossProfitRatio": 0.4244108789,
    "researchAndDevelopmentExpenses": 41740000,
    "generalAndAdministrativeExpenses": 8939000,
    "sellingAndMarketingExpenses": 6862000,
    "sellingGeneralAndAdministrativeExpenses": 15801000,
    "otherExpenses": 0,
    "operatingExpenses": 57541000,
    "costAndExpenses": 156734000,
    "interestIncome": 3480000,
    "interestExpense": 0,
    "depreciationAndAmortization": 8005476,
    "ebitda": 24158765,
    "ebitdaratio": 0.1537256358,
    "operatingIncome": 15008000,
    "operatingIncomeRatio": 0.0870872091,
    "totalOtherIncomeExpensesNet": 1221000,
    "incomeBeforeTax": 16229000,
    "incomeBeforeTaxRatio": 0.0941723292,
    "incomeTaxExpense": 5642000,
    "netIncome": 10587000,
    "netIncomeRatio": 0.0614333877,
    "eps": 0.32,
    "epsdiluted": 0.31,
    "weightedAverageShsOut": 33412999,
    "weightedAverageShsOutDil": 33470999,
    "link": "https://www.sec.gov/Archives/edgar/data/1329394/000119312523268949/0001193125-23-268949-index.htm",
    "finalLink": "https://www.sec.gov/Archives/edgar/data/1329394/000119312523268949/d570130dex991.htm"
  },
  {
    "date": "2023-06-30",
    "symbol": "SIMO",
    "reportedCurrency": "USD",
    "cik": "0001329394",
    "fillingDate": "2023-05-05",
    "acceptedDate": "2023-05-05 16:08:53",
    "calendarYear": "2023",
    "period": "Q2",
    "revenue": 140361000,
    "costOfRevenue": 83938000,
    "grossProfit": 56423000,
    "grossProfitRatio": 0.4019848818,
    "researchAndDevelopmentExpenses": 41336000,
    "generalAndAdministrativeExpenses": 6021000,
    "sellingAndMarketingExpenses": 7248000,
    "sellingGeneralAndAdministrativeExpenses": 13269000,
    "otherExpenses": 0,
    "operatingExpenses": 54605000,
    "costAndExpenses": 138543000,
    "interestIncome": 2736000,
    "interestExpense": 0,
    "depreciationAndAmortization": 5353660,
    "ebitda": 7199000,
    "ebitdaratio": -0.0011327933,
    "operatingIncome": 1818000,
    "operatingIncomeRatio": 0.0129523158,
    "totalOtherIncomeExpensesNet": 10094000,
    "incomeBeforeTax": 11912000,
    "incomeBeforeTaxRatio": 0.084866879,
    "incomeTaxExpense": 868000,
    "netIncome": 11044000,
    "netIncomeRatio": 0.078682825,
    "eps": 0.33,
    "epsdiluted": 0.33,
    "weightedAverageShsOut": 33409000,
    "weightedAverageShsOutDil": 33438000,
    "link": "https://www.sec.gov/Archives/edgar/data/1329394/000119312523137098/0001193125-23-137098-index.htm",
    "finalLink": "https://www.sec.gov/Archives/edgar/data/1329394/000119312523137098/d257383dex991.htm"
  },
  {
    "date": "2023-03-31",
    "symbol": "SIMO",
    "reportedCurrency": "USD",
    "cik": "0001329394",
    "fillingDate": "2023-02-08",
    "acceptedDate": "2023-02-08 16:50:29",
    "calendarYear": "2023",
    "period": "Q1",
    "revenue": 124069000,
    "costOfRevenue": 71729000,
    "grossProfit": 52340000,
    "grossProfitRatio": 0.4218620284,
    "researchAndDevelopmentExpenses": 34850000,
    "generalAndAdministrativeExpenses": 5363000,
    "sellingAndMarketingExpenses": 6605000,
    "sellingGeneralAndAdministrativeExpenses": 11968000,
    "otherExpenses": 0,
    "operatingExpenses": 46818000,
    "costAndExpenses": 25112000,
    "interestIncome": 6556000,
    "interestExpense": 4459000,
    "depreciationAndAmortization": 5625083,
    "ebitda": 17941493,
    "ebitdaratio": 0.0897081463,
    "operatingIncome": 5485000,
    "operatingIncomeRatio": 0.0442092706,
    "totalOtherIncomeExpensesNet": 6794000,
    "incomeBeforeTax": 12279000,
    "incomeBeforeTaxRatio": 0.098969122,
    "incomeTaxExpense": 2129000,
    "netIncome": 10150000,
    "netIncomeRatio": 0.0818093158,
    "eps": 0.31,
    "epsdiluted": 0.31,
    "weightedAverageShsOut": 33176000,
    "weightedAverageShsOutDil": 33381000,
    "link": "https://www.sec.gov/Archives/edgar/data/1329394/000119312523028508/0001193125-23-028508-index.htm",
    "finalLink": "https://www.sec.gov/Archives/edgar/data/1329394/000119312523028508/d463368dex991.htm"
  },
  {
    "date": "2022-12-31",
    "symbol": "SIMO",
    "reportedCurrency": "USD",
    "cik": "0001329394",
    "fillingDate": "2022-11-02",
    "acceptedDate": "2022-11-02 16:39:53",
    "calendarYear": "2022",
    "period": "Q4",
    "revenue": 200758000,
    "costOfRevenue": 113922000,
    "grossProfit": 86836000,
    "grossProfitRatio": 0.4325406709,
    "researchAndDevelopmentExpenses": 51925000,
    "generalAndAdministrativeExpenses": 4349000,
    "sellingAndMarketingExpenses": 5629000,
    "sellingGeneralAndAdministrativeExpenses": 9978000,
    "otherExpenses": 1000,
    "operatingExpenses": 61904000,
    "costAndExpenses": 51603000,
    "interestIncome": 2157000,
    "interestExpense": 0,
    "depreciationAndAmortization": 4950558,
    "ebitda": 29869000,
    "ebitdaratio": 0.1487811196,
    "operatingIncome": 34597000,
    "operatingIncomeRatio": 0.1723318622,
    "totalOtherIncomeExpensesNet": 1595000,
    "incomeBeforeTax": 26674000,
    "incomeBeforeTaxRatio": 0.1328664362,
    "incomeTaxExpense": 3139000,
    "netIncome": 23536000,
    "netIncomeRatio": 0.1172356768,
    "eps": 0.71,
    "epsdiluted": 0.71,
    "weightedAverageShsOut": 33054000,
    "weightedAverageShsOutDil": 33209000,
    "link": "https://www.sec.gov/Archives/edgar/data/1329394/000119312522275876/0001193125-22-275876-index.htm",
    "finalLink": "https://www.sec.gov/Archives/edgar/data/1329394/000119312522275876/d374775dex991.htm"
  },
  {
    "date": "2022-09-30",
    "symbol": "SIMO",
    "reportedCurrency": "USD",
    "cik": "0001329394",
    "fillingDate": "2022-11-02",
    "acceptedDate": "2022-11-02 16:39:53",
    "calendarYear": "2022",
    "period": "Q3",
    "revenue": 250812000,
    "costOfRevenue": 131691000,
    "grossProfit": 119121000,
    "grossProfitRatio": 0.4749413904,
    "researchAndDevelopmentExpenses": 47727000,
    "generalAndAdministrativeExpenses": 6949000,
    "sellingAndMarketingExpenses": 9375000,
    "sellingGeneralAndAdministrativeExpenses": 16324000,
    "otherExpenses": 0,
    "operatingExpenses": 64051000,
    "costAndExpenses": 65647000,
    "interestIncome": 750000,
    "interestExpense": 10597000,
    "depreciationAndAmortization": 4818997,
    "ebitda": 59747000,
    "ebitdaratio": 0.23821428,
    "operatingIncome": 55370000,
    "operatingIncomeRatio": 0.2207629619,
    "totalOtherIncomeExpensesNet": -1543000,
    "incomeBeforeTax": 53827000,
    "incomeBeforeTaxRatio": 0.2146109437,
    "incomeTaxExpense": 10936000,
    "netIncome": 42891000,
    "netIncomeRatio": 0.1710085642,
    "eps": 1.3,
    "epsdiluted": 1.29,
    "weightedAverageShsOut": 33050000,
    "weightedAverageShsOutDil": 33140000,
    "link": "https://www.sec.gov/Archives/edgar/data/1329394/000119312522275876/0001193125-22-275876-index.htm",
    "finalLink": "https://www.sec.gov/Archives/edgar/data/1329394/000119312522275876/d374775dex991.htm"
  },
  {
    "date": "2022-06-30",
    "symbol": "SIMO",
    "reportedCurrency": "USD",
    "cik": "0001329394",
    "fillingDate": "2022-05-05",
    "acceptedDate": "2022-05-05 09:43:54",
    "calendarYear": "2022",
    "period": "Q2",
    "revenue": 252373000,
    "costOfRevenue": 118742000,
    "grossProfit": 133631000,
    "grossProfitRatio": 0.5294980049,
    "researchAndDevelopmentExpenses": 43256000,
    "generalAndAdministrativeExpenses": 13629000,
    "sellingAndMarketingExpenses": 8931000,
    "sellingGeneralAndAdministrativeExpenses": 22560000,
    "otherExpenses": 0,
    "operatingExpenses": 65816000,
    "costAndExpenses": 184558000,
    "interestIncome": 365000,
    "interestExpense": 0,
    "depreciationAndAmortization": 4682927,
    "ebitda": 70055666,
    "ebitdaratio": 0.2986928079,
    "operatingIncome": 67115000,
    "operatingIncomeRatio": 0.265935738,
    "totalOtherIncomeExpensesNet": -1825000,
    "incomeBeforeTax": 65290000,
    "incomeBeforeTaxRatio": 0.258704378,
    "incomeTaxExpense": 13707000,
    "netIncome": 51583000,
    "netIncomeRatio": 0.204391912,
    "eps": 1.56,
    "epsdiluted": 1.55,
    "weightedAverageShsOut": 33117000,
    "weightedAverageShsOutDil": 33194000,
    "link": "https://www.sec.gov/Archives/edgar/data/1329394/000119312522141560/0001193125-22-141560-index.htm",
    "finalLink": "https://www.sec.gov/Archives/edgar/data/1329394/000119312522141560/d327314dex991.htm"
  },
  {
    "date": "2022-03-31",
    "symbol": "SIMO",
    "reportedCurrency": "USD",
    "cik": "0001329394",
    "fillingDate": "2022-01-27",
    "acceptedDate": "2022-01-27 17:05:51",
    "calendarYear": "2022",
    "period": "Q1",
    "revenue": 241978000,
    "costOfRevenue": 115871000,
    "grossProfit": 126107000,
    "grossProfitRatio": 0.5211506831,
    "researchAndDevelopmentExpenses": 45623000,
    "generalAndAdministrativeExpenses": 6520000,
    "sellingAndMarketingExpenses": 7602000,
    "sellingGeneralAndAdministrativeExpenses": 14122000,
    "otherExpenses": 1000,
    "operatingExpenses": 59745000,
    "costAndExpenses": 175616000,
    "interestIncome": 260000,
    "interestExpense": 0,
    "depreciationAndAmortization": 4430533,
    "ebitda": 70866656,
    "ebitdaratio": 0.291972824,
    "operatingIncome": 66362000,
    "operatingIncomeRatio": 0.2742480721,
    "totalOtherIncomeExpensesNet": 426001,
    "incomeBeforeTax": 66788000,
    "incomeBeforeTaxRatio": 0.2760085628,
    "incomeTaxExpense": 12286000,
    "netIncome": 54502000,
    "netIncomeRatio": 0.225235352,
    "eps": 1.61,
    "epsdiluted": 1.6,
    "weightedAverageShsOut": 33807000,
    "weightedAverageShsOutDil": 34010000,
    "link": "https://www.sec.gov/Archives/edgar/data/1329394/000119312522019944/0001193125-22-019944-index.htm",
    "finalLink": "https://www.sec.gov/Archives/edgar/data/1329394/000119312522019944/d282508dex991.htm"
  },
  {
    "date": "2021-12-31",
    "symbol": "SIMO",
    "reportedCurrency": "USD",
    "cik": "0001329394",
    "fillingDate": "2021-10-28",
    "acceptedDate": "2021-10-28 16:57:54",
    "calendarYear": "2021",
    "period": "Q4",
    "revenue": 264357000,
    "costOfRevenue": 133126000,
    "grossProfit": 131231000,
    "grossProfitRatio": 0.4964158316,
    "researchAndDevelopmentExpenses": 44747000,
    "generalAndAdministrativeExpenses": 6802000,
    "sellingAndMarketingExpenses": 7534000,
    "sellingGeneralAndAdministrativeExpenses": 14336000,
    "otherExpenses": -80000,
    "operatingExpenses": 59083000,
    "costAndExpenses": 192209000,
    "interestIncome": 270000,
    "interestExpense": 0,
    "depreciationAndAmortization": 5048475,
    "ebitda": 78165153,
    "ebitdaratio": 0.2897067223,
    "operatingIncome": 72148000,
    "operatingIncomeRatio": 0.2729188181,
    "totalOtherIncomeExpensesNet": 787000,
    "incomeBeforeTax": 72936000,
    "incomeBeforeTaxRatio": 0.2758996357,
    "incomeTaxExpense": 12355000,
    "netIncome": 60635000,
    "netIncomeRatio": 0.2293678624,
    "eps": 1.74,
    "epsdiluted": 1.73,
    "weightedAverageShsOut": 34872000,
    "weightedAverageShsOutDil": 35068000,
    "link": "https://www.sec.gov/Archives/edgar/data/1329394/000119312521311440/0001193125-21-311440-index.htm",
    "finalLink": "https://www.sec.gov/Archives/edgar/data/1329394/000119312521311440/d207482dex991.htm"
  },
  {
    "date": "2021-09-30",
    "symbol": "SIMO",
    "reportedCurrency": "USD",
    "cik": "0001329394",
    "fillingDate": "2021-07-30",
    "acceptedDate": "2021-07-30 11:04:00",
    "calendarYear": "2021",
    "period": "Q3",
    "revenue": 254241000,
    "costOfRevenue": 127070000,
    "grossProfit": 127171000,
    "grossProfitRatio": 0.5001986304,
    "researchAndDevelopmentExpenses": 44600000,
    "generalAndAdministrativeExpenses": 5931000,
    "sellingAndMarketingExpenses": 7749000,
    "sellingGeneralAndAdministrativeExpenses": 13680000,
    "otherExpenses": 0,
    "operatingExpenses": 58280000,
    "costAndExpenses": 185350000,
    "interestIncome": 0,
    "interestExpense": 0,
    "depreciationAndAmortization": 4181263,
    "ebitda": 73291143,
    "ebitdaratio": 0.2878567973,
    "operatingIncome": 68891000,
    "operatingIncomeRatio": 0.2709673105,
    "totalOtherIncomeExpensesNet": 198000,
    "incomeBeforeTax": 69089000,
    "incomeBeforeTaxRatio": 0.2717460992,
    "incomeTaxExpense": 13665000,
    "netIncome": 55424000,
    "netIncomeRatio": 0.2179978839,
    "eps": 1.59,
    "epsdiluted": 1.58,
    "weightedAverageShsOut": 34933000,
    "weightedAverageShsOutDil": 35023000,
    "link": "https://www.sec.gov/Archives/edgar/data/1329394/000119312521230494/0001193125-21-230494-index.htm",
    "finalLink": "https://www.sec.gov/Archives/edgar/data/1329394/000119312521230494/d174922dex991.htm"
  },
  {
    "date": "2021-06-30",
    "symbol": "SIMO",
    "reportedCurrency": "USD",
    "cik": "0001329394",
    "fillingDate": "2021-05-06",
    "acceptedDate": "2021-05-06 10:42:59",
    "calendarYear": "2021",
    "period": "Q2",
    "revenue": 221103000,
    "costOfRevenue": 109969000,
    "grossProfit": 111134000,
    "grossProfitRatio": 0.5026345188,
    "researchAndDevelopmentExpenses": 38962000,
    "generalAndAdministrativeExpenses": 4649000,
    "sellingAndMarketingExpenses": 7085000,
    "sellingGeneralAndAdministrativeExpenses": 11734000,
    "otherExpenses": 0,
    "operatingExpenses": 50696000,
    "costAndExpenses": 160665000,
    "interestIncome": 336000,
    "interestExpense": 0,
    "depreciationAndAmortization": 4083866,
    "ebitda": 65752356,
    "ebitdaratio": 0.2893583533,
    "operatingIncome": 60438000,
    "operatingIncomeRatio": 0.2733477158,
    "totalOtherIncomeExpensesNet": 855000,
    "incomeBeforeTax": 61293000,
    "incomeBeforeTaxRatio": 0.2772146918,
    "incomeTaxExpense": 11748000,
    "netIncome": 49545000,
    "netIncomeRatio": 0.2240810844,
    "eps": 1.42,
    "epsdiluted": 1.42,
    "weightedAverageShsOut": 34926000,
    "weightedAverageShsOutDil": 34953000,
    "link": "https://www.sec.gov/Archives/edgar/data/1329394/000119312521152833/0001193125-21-152833-index.htm",
    "finalLink": "https://www.sec.gov/Archives/edgar/data/1329394/000119312521152833/d427887dex991.htm"
  },
  {
    "date": "2021-03-31",
    "symbol": "SIMO",
    "reportedCurrency": "USD",
    "cik": "0001329394",
    "fillingDate": "2021-02-04",
    "acceptedDate": "2021-02-04 13:22:01",
    "calendarYear": "2021",
    "period": "Q1",
    "revenue": 182399000,
    "costOfRevenue": 91140000,
    "grossProfit": 91259000,
    "grossProfitRatio": 0.5003262079,
    "researchAndDevelopmentExpenses": 35982000,
    "generalAndAdministrativeExpenses": 4439000,
    "sellingAndMarketingExpenses": 6446000,
    "sellingGeneralAndAdministrativeExpenses": 10885000,
    "otherExpenses": 3000,
    "operatingExpenses": 46867000,
    "costAndExpenses": 138007000,
    "interestIncome": 361000,
    "interestExpense": 0,
    "depreciationAndAmortization": 3878771,
    "ebitda": 48278000,
    "ebitdaratio": 0.2691133175,
    "operatingIncome": 44392000,
    "operatingIncomeRatio": 0.2433785273,
    "totalOtherIncomeExpensesNet": -444000,
    "incomeBeforeTax": 43948000,
    "incomeBeforeTaxRatio": 0.2409443034,
    "incomeTaxExpense": 9548000,
    "netIncome": 34400000,
    "netIncomeRatio": 0.1885975252,
    "eps": 0.99,
    "epsdiluted": 0.98,
    "weightedAverageShsOut": 34674000,
    "weightedAverageShsOutDil": 34924000,
    "link": "https://www.sec.gov/Archives/edgar/data/1329394/000119312521028545/0001193125-21-028545-index.htm",
    "finalLink": "https://www.sec.gov/Archives/edgar/data/1329394/000119312521028545/d66556dex991.htm"
  },
  {
    "date": "2020-12-31",
    "symbol": "SIMO",
    "reportedCurrency": "USD",
    "cik": "0001329394",
    "fillingDate": "2020-11-03",
    "acceptedDate": "2020-11-03 13:20:28",
    "calendarYear": "2020",
    "period": "Q4",
    "revenue": 143897000,
    "costOfRevenue": 77853000,
    "grossProfit": 66044000,
    "grossProfitRatio": 0.4589671779,
    "researchAndDevelopmentExpenses": 37160000,
    "generalAndAdministrativeExpenses": 4585000,
    "sellingAndMarketingExpenses": 6411000,
    "sellingGeneralAndAdministrativeExpenses": 10996000,
    "otherExpenses": 117000,
    "operatingExpenses": 48156000,
    "costAndExpenses": 126009000,
    "interestIncome": 729000,
    "interestExpense": 0,
    "depreciationAndAmortization": 3640000,
    "ebitda": 21528000,
    "ebitdaratio": 0.2683725165,
    "operatingIncome": 399000,
    "operatingIncomeRatio": 0.0027728167,
    "totalOtherIncomeExpensesNet": 1245000,
    "incomeBeforeTax": 1644000,
    "incomeBeforeTaxRatio": 0.0114248386,
    "incomeTaxExpense": 290000,
    "netIncome": 1354000,
    "netIncomeRatio": 0.0094095082,
    "eps": 0.0392,
    "epsdiluted": 0.0392,
    "weightedAverageShsOut": 34541963,
    "weightedAverageShsOutDil": 34541963,
    "link": "https://www.sec.gov/Archives/edgar/data/1329394/000119312520284652/0001193125-20-284652-index.htm",
    "finalLink": "https://www.sec.gov/Archives/edgar/data/1329394/000119312520284652/d77322dex991.htm"
  },
  {
    "date": "2020-09-30",
    "symbol": "SIMO",
    "reportedCurrency": "USD",
    "cik": "0001329394",
    "fillingDate": "2020-07-30",
    "acceptedDate": "2020-07-30 18:21:15",
    "calendarYear": "2020",
    "period": "Q3",
    "revenue": 126043000,
    "costOfRevenue": 64217000,
    "grossProfit": 61826000,
    "grossProfitRatio": 0.4905151417,
    "researchAndDevelopmentExpenses": 26378000,
    "generalAndAdministrativeExpenses": 3528000,
    "sellingAndMarketingExpenses": 6077000,
    "sellingGeneralAndAdministrativeExpenses": 9605000,
    "otherExpenses": -6000,
    "operatingExpenses": 35983000,
    "costAndExpenses": 100200000,
    "interestIncome": 841000,
    "interestExpense": 0,
    "depreciationAndAmortization": 3322000,
    "ebitda": 29165000,
    "ebitdaratio": 0.2270177638,
    "operatingIncome": 25843000,
    "operatingIncomeRatio": 0.205033203,
    "totalOtherIncomeExpensesNet": 1386000,
    "incomeBeforeTax": 27229000,
    "incomeBeforeTaxRatio": 0.2160294503,
    "incomeTaxExpense": 2962000,
    "netIncome": 24267000,
    "netIncomeRatio": 0.1925295336,
    "eps": 0.7,
    "epsdiluted": 0.7,
    "weightedAverageShsOut": 34832000,
    "weightedAverageShsOutDil": 34891000,
    "link": "https://www.sec.gov/Archives/edgar/data/1329394/000119312520204063/0001193125-20-204063-index.htm",
    "finalLink": "https://www.sec.gov/Archives/edgar/data/1329394/000119312520204063/d935298dex991.htm"
  },
  {
    "date": "2020-06-30",
    "symbol": "SIMO",
    "reportedCurrency": "USD",
    "cik": "0001329394",
    "fillingDate": "2020-04-29",
    "acceptedDate": "2020-04-29 11:01:03",
    "calendarYear": "2020",
    "period": "Q2",
    "revenue": 136811000,
    "costOfRevenue": 68417000,
    "grossProfit": 68394000,
    "grossProfitRatio": 0.4999159424,
    "researchAndDevelopmentExpenses": 28901000,
    "generalAndAdministrativeExpenses": 3531000,
    "sellingAndMarketingExpenses": 5823000,
    "sellingGeneralAndAdministrativeExpenses": 9354000,
    "otherExpenses": 6000,
    "operatingExpenses": 38255000,
    "costAndExpenses": 106672000,
    "interestIncome": 1323000,
    "interestExpense": 0,
    "depreciationAndAmortization": 3363000,
    "ebitda": 33502000,
    "ebitdaratio": 0.2459158986,
    "operatingIncome": 30139000,
    "operatingIncomeRatio": 0.2202966136,
    "totalOtherIncomeExpensesNet": 1187000,
    "incomeBeforeTax": 31326000,
    "incomeBeforeTaxRatio": 0.2289728165,
    "incomeTaxExpense": 3115000,
    "netIncome": 28211000,
    "netIncomeRatio": 0.2062041795,
    "eps": 0.8,
    "epsdiluted": 0.8,
    "weightedAverageShsOut": 35146000,
    "weightedAverageShsOutDil": 35164000,
    "link": "https://www.sec.gov/Archives/edgar/data/1329394/000119312520125062/0001193125-20-125062-index.htm",
    "finalLink": "https://www.sec.gov/Archives/edgar/data/1329394/000119312520125062/d875537dex991.htm"
  },
  {
    "date": "2020-03-31",
    "symbol": "SIMO",
    "reportedCurrency": "USD",
    "cik": "0001329394",
    "fillingDate": "2020-02-07",
    "acceptedDate": "2020-02-07 14:54:33",
    "calendarYear": "2020",
    "period": "Q1",
    "revenue": 132769000,
    "costOfRevenue": 68877000,
    "grossProfit": 63892000,
    "grossProfitRatio": 0.4812267924,
    "researchAndDevelopmentExpenses": 29304000,
    "generalAndAdministrativeExpenses": 3944000,
    "sellingAndMarketingExpenses": 6472000,
    "sellingGeneralAndAdministrativeExpenses": 10416000,
    "otherExpenses": 16000,
    "operatingExpenses": 39720000,
    "costAndExpenses": 108597000,
    "interestIncome": 1732000,
    "interestExpense": 0,
    "depreciationAndAmortization": 3237000,
    "ebitda": 27331000,
    "ebitdaratio": 0.2166318945,
    "operatingIncome": 24172000,
    "operatingIncomeRatio": 0.1820605714,
    "totalOtherIncomeExpensesNet": 1189000,
    "incomeBeforeTax": 25361000,
    "incomeBeforeTaxRatio": 0.1910159751,
    "incomeTaxExpense": -554000,
    "netIncome": 25915000,
    "netIncomeRatio": 0.1951886359,
    "eps": 0.74,
    "epsdiluted": 0.74,
    "weightedAverageShsOut": 35020000,
    "weightedAverageShsOutDil": 35246000,
    "link": "https://www.sec.gov/Archives/edgar/data/1329394/000119312520027990/0001193125-20-027990-index.htm",
    "finalLink": "https://www.sec.gov/Archives/edgar/data/1329394/000119312520027990/d882980dex991.htm"
  },
  {
    "date": "2019-12-31",
    "symbol": "SIMO",
    "reportedCurrency": "USD",
    "cik": "0001329394",
    "fillingDate": "2019-10-30",
    "acceptedDate": "2019-10-30 16:31:03",
    "calendarYear": "2019",
    "period": "Q4",
    "revenue": 153196000,
    "costOfRevenue": 79563000,
    "grossProfit": 73633000,
    "grossProfitRatio": 0.4806457088,
    "researchAndDevelopmentExpenses": 33869000,
    "generalAndAdministrativeExpenses": 6269000,
    "sellingAndMarketingExpenses": 6093000,
    "sellingGeneralAndAdministrativeExpenses": 12362000,
    "otherExpenses": 33000,
    "operatingExpenses": 46231000,
    "costAndExpenses": 125794000,
    "interestIncome": 0,
    "interestExpense": 0,
    "depreciationAndAmortization": 4054000,
    "ebitda": 31456000,
    "ebitdaratio": 0.1991435808,
    "operatingIncome": 27402000,
    "operatingIncomeRatio": 0.1788689,
    "totalOtherIncomeExpensesNet": 1939000,
    "incomeBeforeTax": 28997000,
    "incomeBeforeTaxRatio": 0.189280399,
    "incomeTaxExpense": 3567000,
    "netIncome": 25430000,
    "netIncomeRatio": 0.1659965012,
    "eps": 0.73,
    "epsdiluted": 0.73,
    "weightedAverageShsOut": 34776000,
    "weightedAverageShsOutDil": 35021000,
    "link": "https://www.sec.gov/Archives/edgar/data/1329394/000119312519278997/0001193125-19-278997-index.htm",
    "finalLink": "https://www.sec.gov/Archives/edgar/data/1329394/000119312519278997/d785613dex991.htm"
  },
  {
    "date": "2019-09-30",
    "symbol": "SIMO",
    "reportedCurrency": "USD",
    "cik": "0001329394",
    "fillingDate": "2019-07-31",
    "acceptedDate": "2019-07-31 12:38:03",
    "calendarYear": "2019",
    "period": "Q3",
    "revenue": 110518000,
    "costOfRevenue": 55727000,
    "grossProfit": 54791000,
    "grossProfitRatio": 0.4957653957,
    "researchAndDevelopmentExpenses": 24392000,
    "generalAndAdministrativeExpenses": 3632000,
    "sellingAndMarketingExpenses": 5895000,
    "sellingGeneralAndAdministrativeExpenses": 9527000,
    "otherExpenses": 6000,
    "operatingExpenses": 34174000,
    "costAndExpenses": 89901000,
    "interestIncome": 1662000,
    "interestExpense": 0,
    "depreciationAndAmortization": 3244000,
    "ebitda": 25433000,
    "ebitdaratio": 0.3633435278,
    "operatingIncome": 4647000,
    "operatingIncomeRatio": 0.0420474493,
    "totalOtherIncomeExpensesNet": 1343000,
    "incomeBeforeTax": 5990000,
    "incomeBeforeTaxRatio": 0.0541993159,
    "incomeTaxExpense": 1777000,
    "netIncome": 4213000,
    "netIncomeRatio": 0.0381204872,
    "eps": 0.12,
    "epsdiluted": 0.12,
    "weightedAverageShsOut": 34777371,
    "weightedAverageShsOutDil": 35153000,
    "link": "https://www.sec.gov/Archives/edgar/data/1329394/000119312519208269/0001193125-19-208269-index.htm",
    "finalLink": "https://www.sec.gov/Archives/edgar/data/1329394/000119312519208269/d782670dex991.htm"
  },
  {
    "date": "2019-06-30",
    "symbol": "SIMO",
    "reportedCurrency": "USD",
    "cik": "0001329394",
    "fillingDate": "2019-05-03",
    "acceptedDate": "2019-05-03 11:30:55",
    "calendarYear": "2019",
    "period": "Q2",
    "revenue": 98846000,
    "costOfRevenue": 52717000,
    "grossProfit": 46129000,
    "grossProfitRatio": 0.4666754345,
    "researchAndDevelopmentExpenses": 23893000,
    "generalAndAdministrativeExpenses": 3554000,
    "sellingAndMarketingExpenses": 6062000,
    "sellingGeneralAndAdministrativeExpenses": 9616000,
    "otherExpenses": 34000,
    "operatingExpenses": 33764000,
    "costAndExpenses": 86481000,
    "interestIncome": 1770000,
    "interestExpense": 0,
    "depreciationAndAmortization": 3329000,
    "ebitda": 15607000,
    "ebitdaratio": 0.0289136637,
    "operatingIncome": 12365000,
    "operatingIncomeRatio": 0.1250935799,
    "totalOtherIncomeExpensesNet": 14640000,
    "incomeBeforeTax": 27005000,
    "incomeBeforeTaxRatio": 0.2732027598,
    "incomeTaxExpense": 521000,
    "netIncome": 26484000,
    "netIncomeRatio": 0.2679319345,
    "eps": 0.75,
    "epsdiluted": 0.75,
    "weightedAverageShsOut": 35312000,
    "weightedAverageShsOutDil": 35536000,
    "link": "https://www.sec.gov/Archives/edgar/data/1329394/000119312519136366/0001193125-19-136366-index.htm",
    "finalLink": "https://www.sec.gov/Archives/edgar/data/1329394/000119312519136366/d735726dex991.htm"
  },
  {
    "date": "2019-03-31",
    "symbol": "SIMO",
    "reportedCurrency": "USD",
    "cik": "0001329394",
    "fillingDate": "2019-01-31",
    "acceptedDate": "2019-01-31 12:29:03",
    "calendarYear": "2019",
    "period": "Q1",
    "revenue": 94694000,
    "costOfRevenue": 47075000,
    "grossProfit": 47619000,
    "grossProfitRatio": 0.5028724101,
    "researchAndDevelopmentExpenses": 27970000,
    "generalAndAdministrativeExpenses": 4357000,
    "sellingAndMarketingExpenses": 6962000,
    "sellingGeneralAndAdministrativeExpenses": 11319000,
    "otherExpenses": 17000,
    "operatingExpenses": 39544000,
    "costAndExpenses": 86619000,
    "interestIncome": 1495000,
    "interestExpense": 0,
    "depreciationAndAmortization": 3860000,
    "ebitda": 11935000,
    "ebitdaratio": 0.1208207489,
    "operatingIncome": 8075000,
    "operatingIncomeRatio": 0.0852746742,
    "totalOtherIncomeExpensesNet": 2006001,
    "incomeBeforeTax": 10081000,
    "incomeBeforeTaxRatio": 0.1064586985,
    "incomeTaxExpense": 1810000,
    "netIncome": 8271000,
    "netIncomeRatio": 0.0873444991,
    "eps": 0.24,
    "epsdiluted": 0.23,
    "weightedAverageShsOut": 35286000,
    "weightedAverageShsOutDil": 35473000,
    "link": "https://www.sec.gov/Archives/edgar/data/1329394/000119312519023617/0001193125-19-023617-index.htm",
    "finalLink": "https://www.sec.gov/Archives/edgar/data/1329394/000119312519023617/d663407dex991.htm"
  },
  {
    "date": "2018-12-31",
    "symbol": "SIMO",
    "reportedCurrency": "USD",
    "cik": "0001329394",
    "fillingDate": "2018-10-31",
    "acceptedDate": "2018-10-31 14:39:01",
    "calendarYear": "2018",
    "period": "Q4",
    "revenue": 123386000,
    "costOfRevenue": 61288000,
    "grossProfit": 62098000,
    "grossProfitRatio": 0.5032823821,
    "researchAndDevelopmentExpenses": 30675000,
    "generalAndAdministrativeExpenses": 5397000,
    "sellingAndMarketingExpenses": 7435000,
    "sellingGeneralAndAdministrativeExpenses": 12832000,
    "otherExpenses": 38000,
    "operatingExpenses": 44248000,
    "costAndExpenses": 105536000,
    "interestIncome": 1718000,
    "interestExpense": 0,
    "depreciationAndAmortization": 741000,
    "ebitda": 22546000,
    "ebitdaratio": 0.1658778143,
    "operatingIncome": 17225000,
    "operatingIncomeRatio": 0.1396025481,
    "totalOtherIncomeExpensesNet": 1577000,
    "incomeBeforeTax": 17561000,
    "incomeBeforeTaxRatio": 0.1423257096,
    "incomeTaxExpense": 260000,
    "netIncome": 15098000,
    "netIncomeRatio": 0.1223639635,
    "eps": 0.48,
    "epsdiluted": 0.48,
    "weightedAverageShsOut": 35974000,
    "weightedAverageShsOutDil": 36070000,
    "link": "https://www.sec.gov/Archives/edgar/data/1329394/000119312518313692/0001193125-18-313692-index.htm",
    "finalLink": "https://www.sec.gov/Archives/edgar/data/1329394/000119312518313692/d647731dex991.htm"
  },
  {
    "date": "2018-09-30",
    "symbol": "SIMO",
    "reportedCurrency": "USD",
    "cik": "0001329394",
    "fillingDate": "2018-08-02",
    "acceptedDate": "2018-08-02 13:33:04",
    "calendarYear": "2018",
    "period": "Q3",
    "revenue": 138562000,
    "costOfRevenue": 67988000,
    "grossProfit": 70574000,
    "grossProfitRatio": 0.5093315628,
    "researchAndDevelopmentExpenses": 25506000,
    "generalAndAdministrativeExpenses": 4355000,
    "sellingAndMarketingExpenses": 7735000,
    "sellingGeneralAndAdministrativeExpenses": 12090000,
    "otherExpenses": 55000,
    "operatingExpenses": 38337000,
    "costAndExpenses": 106325000,
    "interestIncome": 1597000,
    "interestExpense": 0,
    "depreciationAndAmortization": 3838000,
    "ebitda": 36037000,
    "ebitdaratio": 0.2657582887,
    "operatingIncome": 32237000,
    "operatingIncomeRatio": 0.2326539744,
    "totalOtherIncomeExpensesNet": 805000,
    "incomeBeforeTax": 33042000,
    "incomeBeforeTaxRatio": 0.238463648,
    "incomeTaxExpense": 3858000,
    "netIncome": 29184000,
    "netIncomeRatio": 0.2106205164,
    "eps": 0.81,
    "epsdiluted": 0.81,
    "weightedAverageShsOut": 36136000,
    "weightedAverageShsOutDil": 36171000,
    "link": "https://www.sec.gov/Archives/edgar/data/1329394/000119312518236173/0001193125-18-236173-index.htm",
    "finalLink": "https://www.sec.gov/Archives/edgar/data/1329394/000119312518236173/d573037dex991.htm"
  },
  {
    "date": "2018-06-30",
    "symbol": "SIMO",
    "reportedCurrency": "USD",
    "cik": "0001329394",
    "fillingDate": "2018-04-27",
    "acceptedDate": "2018-04-27 16:14:03",
    "calendarYear": "2018",
    "period": "Q2",
    "revenue": 138055000,
    "costOfRevenue": 72474000,
    "grossProfit": 65581000,
    "grossProfitRatio": 0.475035312,
    "researchAndDevelopmentExpenses": 20014000,
    "generalAndAdministrativeExpenses": 3718000,
    "sellingAndMarketingExpenses": 7144000,
    "sellingGeneralAndAdministrativeExpenses": 10862000,
    "otherExpenses": 42000,
    "operatingExpenses": 31617000,
    "costAndExpenses": 104091000,
    "interestIncome": 1394000,
    "interestExpense": 0,
    "depreciationAndAmortization": 741000,
    "ebitda": 36764000,
    "ebitdaratio": 0.2581434935,
    "operatingIncome": 33964000,
    "operatingIncomeRatio": 0.2460178914,
    "totalOtherIncomeExpensesNet": 298000,
    "incomeBeforeTax": 34262000,
    "incomeBeforeTaxRatio": 0.2481764514,
    "incomeTaxExpense": 3534000,
    "netIncome": 30728000,
    "netIncomeRatio": 0.2225779581,
    "eps": 0.85,
    "epsdiluted": 0.85,
    "weightedAverageShsOut": 36113000,
    "weightedAverageShsOutDil": 36151000,
    "link": "https://www.sec.gov/Archives/edgar/data/1329394/000119312518138907/0001193125-18-138907-index.htm",
    "finalLink": "https://www.sec.gov/Archives/edgar/data/1329394/000119312518138907/d562302dex991.htm"
  },
  {
    "date": "2018-03-31",
    "symbol": "SIMO",
    "reportedCurrency": "USD",
    "cik": "0001329394",
    "fillingDate": "2018-02-07",
    "acceptedDate": "2018-02-07 12:59:38",
    "calendarYear": "2018",
    "period": "Q1",
    "revenue": 130344000,
    "costOfRevenue": 67790000,
    "grossProfit": 62554000,
    "grossProfitRatio": 0.4799146873,
    "researchAndDevelopmentExpenses": 25832000,
    "generalAndAdministrativeExpenses": 4163000,
    "sellingAndMarketingExpenses": 6965000,
    "sellingGeneralAndAdministrativeExpenses": 11128000,
    "otherExpenses": 58000,
    "operatingExpenses": 37701000,
    "costAndExpenses": 105491000,
    "interestIncome": 1213000,
    "interestExpense": 0,
    "depreciationAndAmortization": 741000,
    "ebitda": 28353000,
    "ebitdaratio": 0.1881022525,
    "operatingIncome": 24853000,
    "operatingIncomeRatio": 0.1906723746,
    "totalOtherIncomeExpensesNet": 2347000,
    "incomeBeforeTax": 27200000,
    "incomeBeforeTaxRatio": 0.2086785736,
    "incomeTaxExpense": 4139000,
    "netIncome": 23061000,
    "netIncomeRatio": 0.1769241392,
    "eps": 0.64,
    "epsdiluted": 0.64,
    "weightedAverageShsOut": 35900000,
    "weightedAverageShsOutDil": 36119000,
    "link": "https://www.sec.gov/Archives/edgar/data/1329394/000119312518034367/0001193125-18-034367-index.htm",
    "finalLink": "https://www.sec.gov/Archives/edgar/data/1329394/000119312518034367/d442049dex991.htm"
  },
  {
    "date": "2017-12-31",
    "symbol": "SIMO",
    "reportedCurrency": "USD",
    "cik": "0001329394",
    "fillingDate": "2017-10-27",
    "acceptedDate": "2017-10-27 15:00:37",
    "calendarYear": "2017",
    "period": "Q4",
    "revenue": 136165000,
    "costOfRevenue": 72878000,
    "grossProfit": 63287000,
    "grossProfitRatio": 0.4647816987,
    "researchAndDevelopmentExpenses": 27946000,
    "generalAndAdministrativeExpenses": 5046000,
    "sellingAndMarketingExpenses": 7364000,
    "sellingGeneralAndAdministrativeExpenses": 12410000,
    "otherExpenses": 70000,
    "operatingExpenses": 41234000,
    "costAndExpenses": 114112000,
    "interestIncome": 1135000,
    "interestExpense": 0,
    "depreciationAndAmortization": 878000,
    "ebitda": 22931000,
    "ebitdaratio": 0.234678515,
    "operatingIncome": 13596000,
    "operatingIncomeRatio": 0.0998494474,
    "totalOtherIncomeExpensesNet": 638000,
    "incomeBeforeTax": 14234000,
    "incomeBeforeTaxRatio": 0.1045349392,
    "incomeTaxExpense": 4338000,
    "netIncome": 9818000,
    "netIncomeRatio": 0.0721036977,
    "eps": 0.28,
    "epsdiluted": 0.27,
    "weightedAverageShsOut": 35785000,
    "weightedAverageShsOutDil": 36005000,
    "link": "https://www.sec.gov/Archives/edgar/data/1329394/000119312517322888/0001193125-17-322888-index.htm",
    "finalLink": "https://www.sec.gov/Archives/edgar/data/1329394/000119312517322888/d467947dex991.htm"
  },
  {
    "date": "2017-09-30",
    "symbol": "SIMO",
    "reportedCurrency": "USD",
    "cik": "0001329394",
    "fillingDate": "2017-08-01",
    "acceptedDate": "2017-08-01 12:47:03",
    "calendarYear": "2017",
    "period": "Q3",
    "revenue": 127216000,
    "costOfRevenue": 68746000,
    "grossProfit": 58470000,
    "grossProfitRatio": 0.4596119985,
    "researchAndDevelopmentExpenses": 25293000,
    "generalAndAdministrativeExpenses": 3917000,
    "sellingAndMarketingExpenses": 7157000,
    "sellingGeneralAndAdministrativeExpenses": 11074000,
    "otherExpenses": 32000,
    "operatingExpenses": 36893000,
    "costAndExpenses": 105639000,
    "interestIncome": 993000,
    "interestExpense": 0,
    "depreciationAndAmortization": 526000,
    "ebitda": 24777000,
    "ebitdaratio": 0.1682335555,
    "operatingIncome": 21577000,
    "operatingIncomeRatio": 0.1696091687,
    "totalOtherIncomeExpensesNet": 1726000,
    "incomeBeforeTax": 23303000,
    "incomeBeforeTaxRatio": 0.1831766444,
    "incomeTaxExpense": 5709000,
    "netIncome": 17594000,
    "netIncomeRatio": 0.1383002138,
    "eps": 0.49,
    "epsdiluted": 0.49,
    "weightedAverageShsOut": 35766000,
    "weightedAverageShsOutDil": 35828000,
    "link": "https://www.sec.gov/Archives/edgar/data/1329394/000119312517243795/0001193125-17-243795-index.htm",
    "finalLink": "https://www.sec.gov/Archives/edgar/data/1329394/000119312517243795/d427185dex991.htm"
  },
  {
    "date": "2017-06-30",
    "symbol": "SIMO",
    "reportedCurrency": "USD",
    "cik": "0001329394",
    "fillingDate": "2017-04-28",
    "acceptedDate": "2017-04-28 15:23:57",
    "calendarYear": "2017",
    "period": "Q2",
    "revenue": 132732000,
    "costOfRevenue": 68121000,
    "grossProfit": 64611000,
    "grossProfitRatio": 0.4867778682,
    "researchAndDevelopmentExpenses": 24476000,
    "generalAndAdministrativeExpenses": 3750000,
    "sellingAndMarketingExpenses": 5588000,
    "sellingGeneralAndAdministrativeExpenses": 9338000,
    "otherExpenses": 1000,
    "operatingExpenses": 34340000,
    "costAndExpenses": 102461000,
    "interestIncome": 958000,
    "interestExpense": 0,
    "depreciationAndAmortization": 526000,
    "ebitda": 33271000,
    "ebitdaratio": 0.2325739083,
    "operatingIncome": 30271000,
    "operatingIncomeRatio": 0.2280610554,
    "totalOtherIncomeExpensesNet": 886000,
    "incomeBeforeTax": 31157000,
    "incomeBeforeTaxRatio": 0.2347361601,
    "incomeTaxExpense": 7124000,
    "netIncome": 24033000,
    "netIncomeRatio": 0.1810640991,
    "eps": 0.67,
    "epsdiluted": 0.67,
    "weightedAverageShsOut": 35741000,
    "weightedAverageShsOutDil": 35801000,
    "link": "https://www.sec.gov/Archives/edgar/data/1329394/000119312517147707/0001193125-17-147707-index.htm",
    "finalLink": "https://www.sec.gov/Archives/edgar/data/1329394/000119312517147707/d385720dex991.htm"
  },
  {
    "date": "2017-03-31",
    "symbol": "SIMO",
    "reportedCurrency": "USD",
    "cik": "0001329394",
    "fillingDate": "2017-01-24",
    "acceptedDate": "2017-01-24 13:12:32",
    "calendarYear": "2017",
    "period": "Q1",
    "revenue": 127292000,
    "costOfRevenue": 62466000,
    "grossProfit": 64826000,
    "grossProfitRatio": 0.5092700248,
    "researchAndDevelopmentExpenses": 24338000,
    "generalAndAdministrativeExpenses": 4220000,
    "sellingAndMarketingExpenses": 5758000,
    "sellingGeneralAndAdministrativeExpenses": 9978000,
    "otherExpenses": -11000,
    "operatingExpenses": 34842000,
    "costAndExpenses": 97308000,
    "interestIncome": 759000,
    "interestExpense": 0,
    "depreciationAndAmortization": 526000,
    "ebitda": 32484000,
    "ebitdaratio": 0.2424111492,
    "operatingIncome": 29984000,
    "operatingIncomeRatio": 0.235552902,
    "totalOtherIncomeExpensesNet": 401000,
    "incomeBeforeTax": 30385000,
    "incomeBeforeTaxRatio": 0.2387031392,
    "incomeTaxExpense": 6874000,
    "netIncome": 23511000,
    "netIncomeRatio": 0.1847013167,
    "eps": 0.66,
    "epsdiluted": 0.65,
    "weightedAverageShsOut": 35446000,
    "weightedAverageShsOutDil": 35972000,
    "link": "https://www.sec.gov/Archives/edgar/data/1329394/000119312517016379/0001193125-17-016379-index.htm",
    "finalLink": "https://www.sec.gov/Archives/edgar/data/1329394/000119312517016379/d331478dex991.htm"
  },
  {
    "date": "2016-12-31",
    "symbol": "SIMO",
    "reportedCurrency": "USD",
    "cik": "0001329394",
    "fillingDate": "2016-10-28",
    "acceptedDate": "2016-10-28 13:26:32",
    "calendarYear": "2016",
    "period": "Q4",
    "revenue": 144198000,
    "costOfRevenue": 72080000,
    "grossProfit": 72118000,
    "grossProfitRatio": 0.5001317633,
    "researchAndDevelopmentExpenses": 26038000,
    "generalAndAdministrativeExpenses": 5048000,
    "sellingAndMarketingExpenses": 5651000,
    "sellingGeneralAndAdministrativeExpenses": 10699000,
    "otherExpenses": -4000,
    "operatingExpenses": 37263000,
    "costAndExpenses": 109343000,
    "interestIncome": 623000,
    "interestExpense": 0,
    "depreciationAndAmortization": 526000,
    "ebitda": 39140000,
    "ebitdaratio": 0.2446774574,
    "operatingIncome": 34855000,
    "operatingIncomeRatio": 0.2417162513,
    "totalOtherIncomeExpensesNet": 718000,
    "incomeBeforeTax": 35573000,
    "incomeBeforeTaxRatio": 0.2466955159,
    "incomeTaxExpense": 9416000,
    "netIncome": 26157000,
    "netIncomeRatio": 0.1813964133,
    "eps": 0.74,
    "epsdiluted": 0.73,
    "weightedAverageShsOut": 35324000,
    "weightedAverageShsOutDil": 35623000,
    "link": "https://www.sec.gov/Archives/edgar/data/1329394/000119312516751232/0001193125-16-751232-index.htm",
    "finalLink": "https://www.sec.gov/Archives/edgar/data/1329394/000119312516751232/d281577dex991.htm"
  },
  {
    "date": "2016-09-30",
    "symbol": "SIMO",
    "reportedCurrency": "USD",
    "cik": "0001329394",
    "fillingDate": "2016-07-22",
    "acceptedDate": "2016-07-22 12:31:55",
    "calendarYear": "2016",
    "period": "Q3",
    "revenue": 158580000,
    "costOfRevenue": 81175000,
    "grossProfit": 77405000,
    "grossProfitRatio": 0.4881132551,
    "researchAndDevelopmentExpenses": 25934000,
    "generalAndAdministrativeExpenses": 4878000,
    "sellingAndMarketingExpenses": 7548000,
    "sellingGeneralAndAdministrativeExpenses": 12426000,
    "otherExpenses": 28000,
    "operatingExpenses": 38886000,
    "costAndExpenses": 120061000,
    "interestIncome": 541000,
    "interestExpense": 0,
    "depreciationAndAmortization": 526000,
    "ebitda": 40919000,
    "ebitdaratio": 0.2485811578,
    "operatingIncome": 38519000,
    "operatingIncomeRatio": 0.2428994829,
    "totalOtherIncomeExpensesNet": 194000,
    "incomeBeforeTax": 38713000,
    "incomeBeforeTaxRatio": 0.2441228402,
    "incomeTaxExpense": 5991000,
    "netIncome": 32722000,
    "netIncomeRatio": 0.2063438012,
    "eps": 0.93,
    "epsdiluted": 0.92,
    "weightedAverageShsOut": 35308000,
    "weightedAverageShsOutDil": 35539000,
    "link": "https://www.sec.gov/Archives/edgar/data/1329394/000119312516654710/0001193125-16-654710-index.htm",
    "finalLink": "https://www.sec.gov/Archives/edgar/data/1329394/000119312516654710/d219811dex991.htm"
  },
  {
    "date": "2016-06-30",
    "symbol": "SIMO",
    "reportedCurrency": "USD",
    "cik": "0001329394",
    "fillingDate": "2016-04-29",
    "acceptedDate": "2016-04-29 13:50:07",
    "calendarYear": "2016",
    "period": "Q2",
    "revenue": 140686000,
    "costOfRevenue": 72565000,
    "grossProfit": 68121000,
    "grossProfitRatio": 0.4842059622,
    "researchAndDevelopmentExpenses": 21234000,
    "generalAndAdministrativeExpenses": 3797000,
    "sellingAndMarketingExpenses": 6351000,
    "sellingGeneralAndAdministrativeExpenses": 10148000,
    "otherExpenses": 19000,
    "operatingExpenses": 31908000,
    "costAndExpenses": 104473000,
    "interestIncome": 441000,
    "interestExpense": 0,
    "depreciationAndAmortization": 526000,
    "ebitda": 38913000,
    "ebitdaratio": 0.2646034431,
    "operatingIncome": 36213000,
    "operatingIncomeRatio": 0.257403011,
    "totalOtherIncomeExpensesNet": -27000,
    "incomeBeforeTax": 36186000,
    "incomeBeforeTaxRatio": 0.2572110942,
    "incomeTaxExpense": 7139000,
    "netIncome": 29047000,
    "netIncomeRatio": 0.2064668837,
    "eps": 0.82,
    "epsdiluted": 0.82,
    "weightedAverageShsOut": 35273000,
    "weightedAverageShsOutDil": 35476000,
    "link": "https://www.sec.gov/Archives/edgar/data/1329394/000119312516568103/0001193125-16-568103-index.htm",
    "finalLink": "https://www.sec.gov/Archives/edgar/data/1329394/000119312516568103/d135079dex991.htm"
  },
  {
    "date": "2016-03-31",
    "symbol": "SIMO",
    "reportedCurrency": "USD",
    "cik": "0001329394",
    "fillingDate": "2016-01-29",
    "acceptedDate": "2016-01-29 12:21:11",
    "calendarYear": "2016",
    "period": "Q1",
    "revenue": 112682000,
    "costOfRevenue": 55721000,
    "grossProfit": 56961000,
    "grossProfitRatio": 0.5055022098,
    "researchAndDevelopmentExpenses": 19198000,
    "generalAndAdministrativeExpenses": 3349000,
    "sellingAndMarketingExpenses": 6215000,
    "sellingGeneralAndAdministrativeExpenses": 9564000,
    "otherExpenses": 0,
    "operatingExpenses": 29288000,
    "costAndExpenses": 85009000,
    "interestIncome": 425000,
    "interestExpense": 0,
    "depreciationAndAmortization": 526000,
    "ebitda": 29873000,
    "ebitdaratio": 0.2497204522,
    "operatingIncome": 27673000,
    "operatingIncomeRatio": 0.2455849204,
    "totalOtherIncomeExpensesNet": 485000,
    "incomeBeforeTax": 28158000,
    "incomeBeforeTaxRatio": 0.2498890684,
    "incomeTaxExpense": 5144000,
    "netIncome": 23014000,
    "netIncomeRatio": 0.2042384764,
    "eps": 0.66,
    "epsdiluted": 0.65,
    "weightedAverageShsOut": 35014000,
    "weightedAverageShsOutDil": 35412000,
    "link": "https://www.sec.gov/Archives/edgar/data/1329394/000119312516443289/0001193125-16-443289-index.htm",
    "finalLink": "https://www.sec.gov/Archives/edgar/data/1329394/000119312516443289/d62930dex991.htm"
  },
  {
    "date": "2015-12-31",
    "symbol": "SIMO",
    "reportedCurrency": "USD",
    "cik": "0001329394",
    "fillingDate": "2015-10-29",
    "acceptedDate": "2015-10-29 14:28:09",
    "calendarYear": "2015",
    "period": "Q4",
    "revenue": 98041000,
    "costOfRevenue": 49028000,
    "grossProfit": 49013000,
    "grossProfitRatio": 0.4999235014,
    "researchAndDevelopmentExpenses": 19281000,
    "generalAndAdministrativeExpenses": 5008000,
    "sellingAndMarketingExpenses": 6136000,
    "sellingGeneralAndAdministrativeExpenses": 11144000,
    "otherExpenses": -525700,
    "operatingExpenses": 30951000,
    "costAndExpenses": 79979000,
    "interestIncome": 455000,
    "interestExpense": 0,
    "depreciationAndAmortization": 526000,
    "ebitda": 18588000,
    "ebitdaratio": 0.1949184525,
    "operatingIncome": 18062000,
    "operatingIncomeRatio": 0.184229047,
    "totalOtherIncomeExpensesNet": -67000,
    "incomeBeforeTax": 17995000,
    "incomeBeforeTaxRatio": 0.1835456595,
    "incomeTaxExpense": 4583000,
    "netIncome": 13381000,
    "netIncomeRatio": 0.136483716,
    "eps": 0.38,
    "epsdiluted": 0.38,
    "weightedAverageShsOut": 34875000,
    "weightedAverageShsOutDil": 35288000,
    "link": "https://www.sec.gov/Archives/edgar/data/1329394/000119312515357764/0001193125-15-357764-index.htm",
    "finalLink": "https://www.sec.gov/Archives/edgar/data/1329394/000119312515357764/d25511dex991.htm"
  },
  {
    "date": "2015-09-30",
    "symbol": "SIMO",
    "reportedCurrency": "USD",
    "cik": "0001329394",
    "fillingDate": "2015-07-28",
    "acceptedDate": "2015-07-28 13:22:06",
    "calendarYear": "2015",
    "period": "Q3",
    "revenue": 95397000,
    "costOfRevenue": 46285000,
    "grossProfit": 49112000,
    "grossProfitRatio": 0.5148170278,
    "researchAndDevelopmentExpenses": 19628000,
    "generalAndAdministrativeExpenses": 3994000,
    "sellingAndMarketingExpenses": 5545000,
    "sellingGeneralAndAdministrativeExpenses": 9539000,
    "otherExpenses": 4000,
    "operatingExpenses": 29693000,
    "costAndExpenses": 75978000,
    "interestIncome": 506000,
    "interestExpense": 0,
    "depreciationAndAmortization": 526000,
    "ebitda": 21719000,
    "ebitdaratio": 0.2067675084,
    "operatingIncome": 19419000,
    "operatingIncomeRatio": 0.2035598604,
    "totalOtherIncomeExpensesNet": 730000,
    "incomeBeforeTax": 20149000,
    "incomeBeforeTaxRatio": 0.2112120926,
    "incomeTaxExpense": 6965000,
    "netIncome": 13180000,
    "netIncomeRatio": 0.1381594809,
    "eps": 0.38,
    "epsdiluted": 0.38,
    "weightedAverageShsOut": 34726000,
    "weightedAverageShsOutDil": 34941000,
    "link": "https://www.sec.gov/Archives/edgar/data/1329394/000119312515265634/0001193125-15-265634-index.htm",
    "finalLink": "https://www.sec.gov/Archives/edgar/data/1329394/000119312515265634/d66188dex991.htm"
  },
  {
    "date": "2015-06-30",
    "symbol": "SIMO",
    "reportedCurrency": "USD",
    "cik": "0001329394",
    "fillingDate": "2015-04-28",
    "acceptedDate": "2015-04-28 16:42:37",
    "calendarYear": "2015",
    "period": "Q2",
    "revenue": 87213000,
    "costOfRevenue": 42729000,
    "grossProfit": 44484000,
    "grossProfitRatio": 0.5100615734,
    "researchAndDevelopmentExpenses": 15893000,
    "generalAndAdministrativeExpenses": 3276000,
    "sellingAndMarketingExpenses": 4183000,
    "sellingGeneralAndAdministrativeExpenses": 7459000,
    "otherExpenses": 8000,
    "operatingExpenses": 23352000,
    "costAndExpenses": 66081000,
    "interestIncome": 503000,
    "interestExpense": 0,
    "depreciationAndAmortization": -230000,
    "ebitda": 20902000,
    "ebitdaratio": 0.2396661048,
    "operatingIncome": 21132000,
    "operatingIncomeRatio": 0.2423033263,
    "totalOtherIncomeExpensesNet": 741000,
    "incomeBeforeTax": 21873000,
    "incomeBeforeTaxRatio": 0.2507997661,
    "incomeTaxExpense": 3648000,
    "netIncome": 18225000,
    "netIncomeRatio": 0.2089711396,
    "eps": 0.53,
    "epsdiluted": 0.53,
    "weightedAverageShsOut": 34431000,
    "weightedAverageShsOutDil": 34654000,
    "link": "https://www.sec.gov/Archives/edgar/data/1329394/000119312515153091/0001193125-15-153091-index.htm",
    "finalLink": "https://www.sec.gov/Archives/edgar/data/1329394/000119312515153091/d916064dex991.htm"
  },
  {
    "date": "2015-03-31",
    "symbol": "SIMO",
    "reportedCurrency": "USD",
    "cik": "0001329394",
    "fillingDate": "2015-01-27",
    "acceptedDate": "2015-01-27 12:42:07",
    "calendarYear": "2015",
    "period": "Q1",
    "revenue": 80646000,
    "costOfRevenue": 38723000,
    "grossProfit": 41923000,
    "grossProfitRatio": 0.5198397937,
    "researchAndDevelopmentExpenses": 16355000,
    "generalAndAdministrativeExpenses": 3440000,
    "sellingAndMarketingExpenses": 4309000,
    "sellingGeneralAndAdministrativeExpenses": 7749000,
    "otherExpenses": -4000,
    "operatingExpenses": 24104000,
    "costAndExpenses": 62827000,
    "interestIncome": 514000,
    "interestExpense": 0,
    "depreciationAndAmortization": -151000,
    "ebitda": 17668000,
    "ebitdaratio": 0.2190809216,
    "operatingIncome": 17819000,
    "operatingIncomeRatio": 0.2209533021,
    "totalOtherIncomeExpensesNet": 661000,
    "incomeBeforeTax": 18480000,
    "incomeBeforeTaxRatio": 0.2291496168,
    "incomeTaxExpense": 3018000,
    "netIncome": 15462000,
    "netIncomeRatio": 0.191726806,
    "eps": 0.45,
    "epsdiluted": 0.44,
    "weightedAverageShsOut": 34068000,
    "weightedAverageShsOutDil": 34751000,
    "link": "https://www.sec.gov/Archives/edgar/data/1329394/000119312515021439/0001193125-15-021439-index.htm",
    "finalLink": "https://www.sec.gov/Archives/edgar/data/1329394/000119312515021439/d858806dex991.htm"
  },
  {
    "date": "2014-12-31",
    "symbol": "SIMO",
    "reportedCurrency": "USD",
    "cik": "0001329394",
    "fillingDate": "2014-10-30",
    "acceptedDate": "2014-10-30 16:16:01",
    "calendarYear": "2014",
    "period": "Q4",
    "revenue": 80503000,
    "costOfRevenue": 38310000,
    "grossProfit": 42193000,
    "grossProfitRatio": 0.5241171136,
    "researchAndDevelopmentExpenses": 17627000,
    "generalAndAdministrativeExpenses": 3433000,
    "sellingAndMarketingExpenses": 4461000,
    "sellingGeneralAndAdministrativeExpenses": 7894000,
    "otherExpenses": -4000,
    "operatingExpenses": 25521000,
    "costAndExpenses": 63831000,
    "interestIncome": 613000,
    "interestExpense": 0,
    "depreciationAndAmortization": 450000,
    "ebitda": 17122000,
    "ebitdaratio": 0.2126877259,
    "operatingIncome": 16672000,
    "operatingIncomeRatio": 0.2070978721,
    "totalOtherIncomeExpensesNet": 159000,
    "incomeBeforeTax": 16831000,
    "incomeBeforeTaxRatio": 0.2090729538,
    "incomeTaxExpense": 4911000,
    "netIncome": 12073000,
    "netIncomeRatio": 0.1499695664,
    "eps": 0.35,
    "epsdiluted": 0.35,
    "weightedAverageShsOut": 33892000,
    "weightedAverageShsOutDil": 34471000,
    "link": "https://www.sec.gov/Archives/edgar/data/1329394/000119312514389666/0001193125-14-389666-index.htm",
    "finalLink": "https://www.sec.gov/Archives/edgar/data/1329394/000119312514389666/d813621dex991.htm"
  },
  {
    "date": "2014-09-30",
    "symbol": "SIMO",
    "reportedCurrency": "USD",
    "cik": "0001329394",
    "fillingDate": "2014-07-29",
    "acceptedDate": "2014-07-29 16:43:55",
    "calendarYear": "2014",
    "period": "Q3",
    "revenue": 86561000,
    "costOfRevenue": 40885000,
    "grossProfit": 45676000,
    "grossProfitRatio": 0.5276741258,
    "researchAndDevelopmentExpenses": 17728000,
    "generalAndAdministrativeExpenses": 4230000,
    "sellingAndMarketingExpenses": 4724000,
    "sellingGeneralAndAdministrativeExpenses": 8954000,
    "otherExpenses": 0,
    "operatingExpenses": 26682000,
    "costAndExpenses": 67567000,
    "interestIncome": 466000,
    "interestExpense": 0,
    "depreciationAndAmortization": 374000,
    "ebitda": 20694000,
    "ebitdaratio": 0.2237497256,
    "operatingIncome": 18994000,
    "operatingIncomeRatio": 0.2194290731,
    "totalOtherIncomeExpensesNet": 92000,
    "incomeBeforeTax": 19086000,
    "incomeBeforeTaxRatio": 0.2204919074,
    "incomeTaxExpense": 4465000,
    "netIncome": 14621000,
    "netIncomeRatio": 0.1689097862,
    "eps": 0.43,
    "epsdiluted": 0.43,
    "weightedAverageShsOut": 33803000,
    "weightedAverageShsOutDil": 34302000,
    "link": "https://www.sec.gov/Archives/edgar/data/1329394/000119312514284750/0001193125-14-284750-index.htm",
    "finalLink": "https://www.sec.gov/Archives/edgar/data/1329394/000119312514284750/d765252dex991.htm"
  },
  {
    "date": "2014-06-30",
    "symbol": "SIMO",
    "reportedCurrency": "USD",
    "cik": "0001329394",
    "fillingDate": "2014-04-29",
    "acceptedDate": "2014-04-29 16:33:06",
    "calendarYear": "2014",
    "period": "Q2",
    "revenue": 69411000,
    "costOfRevenue": 33210000,
    "grossProfit": 36201000,
    "grossProfitRatio": 0.5215455763,
    "researchAndDevelopmentExpenses": 13786000,
    "generalAndAdministrativeExpenses": 3085000,
    "sellingAndMarketingExpenses": 3575000,
    "sellingGeneralAndAdministrativeExpenses": 6660000,
    "otherExpenses": 1000,
    "operatingExpenses": 20446000,
    "costAndExpenses": 53656000,
    "interestIncome": 548000,
    "interestExpense": 0,
    "depreciationAndAmortization": -451000,
    "ebitda": 15304000,
    "ebitdaratio": 0.220483785,
    "operatingIncome": 15755000,
    "operatingIncomeRatio": 0.2269813142,
    "totalOtherIncomeExpensesNet": 1000000,
    "incomeBeforeTax": 16755000,
    "incomeBeforeTaxRatio": 0.2413882526,
    "incomeTaxExpense": 2810000,
    "netIncome": 13945000,
    "netIncomeRatio": 0.2009047557,
    "eps": 0.41,
    "epsdiluted": 0.41,
    "weightedAverageShsOut": 33738000,
    "weightedAverageShsOutDil": 34063000,
    "link": "https://www.sec.gov/Archives/edgar/data/1329394/000119312514167340/0001193125-14-167340-index.htm",
    "finalLink": "https://www.sec.gov/Archives/edgar/data/1329394/000119312514167340/d716248dex991.htm"
  },
  {
    "date": "2014-03-31",
    "symbol": "SIMO",
    "reportedCurrency": "USD",
    "cik": "0001329394",
    "fillingDate": "2014-01-28",
    "acceptedDate": "2014-01-28 17:09:06",
    "calendarYear": "2014",
    "period": "Q1",
    "revenue": 52848000,
    "costOfRevenue": 27224000,
    "grossProfit": 25624000,
    "grossProfitRatio": 0.4848622464,
    "researchAndDevelopmentExpenses": 11907000,
    "generalAndAdministrativeExpenses": 2630000,
    "sellingAndMarketingExpenses": 3591000,
    "sellingGeneralAndAdministrativeExpenses": 6221000,
    "otherExpenses": 2000,
    "operatingExpenses": 18128000,
    "costAndExpenses": 45352000,
    "interestIncome": 474000,
    "interestExpense": 0,
    "depreciationAndAmortization": 229000,
    "ebitda": 9096000,
    "ebitdaratio": 0.1461739328,
    "operatingIncome": 7496000,
    "operatingIncomeRatio": 0.1418407508,
    "totalOtherIncomeExpensesNet": 247000,
    "incomeBeforeTax": 7743000,
    "incomeBeforeTaxRatio": 0.1465145322,
    "incomeTaxExpense": 3915000,
    "netIncome": 3828000,
    "netIncomeRatio": 0.0724341508,
    "eps": 0.12,
    "epsdiluted": 0.11,
    "weightedAverageShsOut": 33184000,
    "weightedAverageShsOutDil": 33963000,
    "link": "https://www.sec.gov/Archives/edgar/data/1329394/000119312514024498/0001193125-14-024498-index.htm",
    "finalLink": "https://www.sec.gov/Archives/edgar/data/1329394/000119312514024498/d665230dex991.htm"
  },
  {
    "date": "2013-12-31",
    "symbol": "SIMO",
    "reportedCurrency": "USD",
    "cik": "0001329394",
    "fillingDate": "2013-10-25",
    "acceptedDate": "2013-10-25 14:30:55",
    "calendarYear": "2013",
    "period": "Q4",
    "revenue": 52489000,
    "costOfRevenue": 27045000,
    "grossProfit": 25444000,
    "grossProfitRatio": 0.4847491855,
    "researchAndDevelopmentExpenses": 12339000,
    "generalAndAdministrativeExpenses": 2592000,
    "sellingAndMarketingExpenses": 3578000,
    "sellingGeneralAndAdministrativeExpenses": 6170000,
    "otherExpenses": 7000,
    "operatingExpenses": 18509000,
    "costAndExpenses": 45554000,
    "interestIncome": 483000,
    "interestExpense": 0,
    "depreciationAndAmortization": -74000,
    "ebitda": 6861000,
    "ebitdaratio": 0.1307131018,
    "operatingIncome": 6935000,
    "operatingIncomeRatio": 0.132122921,
    "totalOtherIncomeExpensesNet": 564000,
    "incomeBeforeTax": 7499000,
    "incomeBeforeTaxRatio": 0.1428680295,
    "incomeTaxExpense": 2083000,
    "netIncome": 5416000,
    "netIncomeRatio": 0.1031835242,
    "eps": 0.16,
    "epsdiluted": 0.16,
    "weightedAverageShsOut": 32899000,
    "weightedAverageShsOutDil": 33670000,
    "link": "https://www.sec.gov/Archives/edgar/data/1329394/000119312513411360/0001193125-13-411360-index.htm",
    "finalLink": "https://www.sec.gov/Archives/edgar/data/1329394/000119312513411360/d617469dex991.htm"
  },
  {
    "date": "2013-09-30",
    "symbol": "SIMO",
    "reportedCurrency": "USD",
    "cik": "0001329394",
    "fillingDate": "2013-07-30",
    "acceptedDate": "2013-07-30 11:53:54",
    "calendarYear": "2013",
    "period": "Q3",
    "revenue": 57132000,
    "costOfRevenue": 29312000,
    "grossProfit": 27820000,
    "grossProfitRatio": 0.4869425191,
    "researchAndDevelopmentExpenses": 10469000,
    "generalAndAdministrativeExpenses": 2656000,
    "sellingAndMarketingExpenses": 3274000,
    "sellingGeneralAndAdministrativeExpenses": 5930000,
    "otherExpenses": 10000,
    "operatingExpenses": 16399000,
    "costAndExpenses": 45711000,
    "interestIncome": 415000,
    "interestExpense": 0,
    "depreciationAndAmortization": -309000,
    "ebitda": 11112000,
    "ebitdaratio": 0.1944969544,
    "operatingIncome": 11421000,
    "operatingIncomeRatio": 0.199905482,
    "totalOtherIncomeExpensesNet": 734000,
    "incomeBeforeTax": 12155000,
    "incomeBeforeTaxRatio": 0.2127529231,
    "incomeTaxExpense": 2576000,
    "netIncome": 9579000,
    "netIncomeRatio": 0.1676643562,
    "eps": 0.29,
    "epsdiluted": 0.29,
    "weightedAverageShsOut": 32879000,
    "weightedAverageShsOutDil": 33318000,
    "link": "https://www.sec.gov/Archives/edgar/data/1329394/000119312513309232/0001193125-13-309232-index.htm",
    "finalLink": "https://www.sec.gov/Archives/edgar/data/1329394/000119312513309232/d575646dex991.htm"
  },
  {
    "date": "2013-06-30",
    "symbol": "SIMO",
    "reportedCurrency": "USD",
    "cik": "0001329394",
    "fillingDate": "2013-04-26",
    "acceptedDate": "2013-04-26 17:02:59",
    "calendarYear": "2013",
    "period": "Q2",
    "revenue": 58322000,
    "costOfRevenue": 30122000,
    "grossProfit": 28200000,
    "grossProfitRatio": 0.4835225129,
    "researchAndDevelopmentExpenses": 12012000,
    "generalAndAdministrativeExpenses": 2876000,
    "sellingAndMarketingExpenses": 3363000,
    "sellingGeneralAndAdministrativeExpenses": 6239000,
    "otherExpenses": 2000,
    "operatingExpenses": 18251000,
    "costAndExpenses": 48373000,
    "interestIncome": 384000,
    "interestExpense": 0,
    "depreciationAndAmortization": 93000,
    "ebitda": 11549000,
    "ebitdaratio": 0.1721820239,
    "operatingIncome": 9949000,
    "operatingIncomeRatio": 0.1705874284,
    "totalOtherIncomeExpensesNet": 293000,
    "incomeBeforeTax": 10242000,
    "incomeBeforeTaxRatio": 0.1756112616,
    "incomeTaxExpense": 2698000,
    "netIncome": 7544000,
    "netIncomeRatio": 0.1293508453,
    "eps": 0.23,
    "epsdiluted": 0.22,
    "weightedAverageShsOut": 33199000,
    "weightedAverageShsOutDil": 33529000,
    "link": "https://www.sec.gov/Archives/edgar/data/1329394/000119312513178048/0001193125-13-178048-index.htm",
    "finalLink": "https://www.sec.gov/Archives/edgar/data/1329394/000119312513178048/d527321dex991.htm"
  },
  {
    "date": "2013-03-31",
    "symbol": "SIMO",
    "reportedCurrency": "USD",
    "cik": "0001329394",
    "fillingDate": "2013-02-05",
    "acceptedDate": "2013-02-05 12:26:01",
    "calendarYear": "2013",
    "period": "Q1",
    "revenue": 57365000,
    "costOfRevenue": 32219000,
    "grossProfit": 25146000,
    "grossProfitRatio": 0.4383509108,
    "researchAndDevelopmentExpenses": 11640000,
    "generalAndAdministrativeExpenses": 3126000,
    "sellingAndMarketingExpenses": 3382000,
    "sellingGeneralAndAdministrativeExpenses": 6508000,
    "otherExpenses": 112000,
    "operatingExpenses": 18148000,
    "costAndExpenses": 50367000,
    "interestIncome": 453000,
    "interestExpense": 0,
    "depreciationAndAmortization": 311000,
    "ebitda": 8498000,
    "ebitdaratio": 0.1274121851,
    "operatingIncome": 6998000,
    "operatingIncomeRatio": 0.1219907609,
    "totalOtherIncomeExpensesNet": 254000,
    "incomeBeforeTax": 7252000,
    "incomeBeforeTaxRatio": 0.1264185479,
    "incomeTaxExpense": 2415000,
    "netIncome": 4837000,
    "netIncomeRatio": 0.0843197071,
    "eps": 0.15,
    "epsdiluted": 0.14,
    "weightedAverageShsOut": 33283000,
    "weightedAverageShsOutDil": 34051000,
    "link": "https://www.sec.gov/Archives/edgar/data/1329394/000119312513038264/0001193125-13-038264-index.htm",
    "finalLink": "https://www.sec.gov/Archives/edgar/data/1329394/000119312513038264/d480586dex991.htm"
  },
  {
    "date": "2012-12-31",
    "symbol": "SIMO",
    "reportedCurrency": "USD",
    "cik": "0001329394",
    "fillingDate": "2012-10-25",
    "acceptedDate": "2012-10-25 16:28:56",
    "calendarYear": "2012",
    "period": "Q4",
    "revenue": 70605000,
    "costOfRevenue": 40251000,
    "grossProfit": 30354000,
    "grossProfitRatio": 0.4299128957,
    "researchAndDevelopmentExpenses": 14296000,
    "generalAndAdministrativeExpenses": 2968000,
    "sellingAndMarketingExpenses": 3799000,
    "sellingGeneralAndAdministrativeExpenses": 6767000,
    "otherExpenses": -118000,
    "operatingExpenses": 21063000,
    "costAndExpenses": 61314000,
    "interestIncome": 400000,
    "interestExpense": 0,
    "depreciationAndAmortization": 49000,
    "ebitda": 9291000,
    "ebitdaratio": 0.1322852489,
    "operatingIncome": 9291000,
    "operatingIncomeRatio": 0.1315912471,
    "totalOtherIncomeExpensesNet": 234000,
    "incomeBeforeTax": 9524000,
    "incomeBeforeTaxRatio": 0.1348912967,
    "incomeTaxExpense": 1595000,
    "netIncome": 7929000,
    "netIncomeRatio": 0.1123008286,
    "eps": 0.24,
    "epsdiluted": 0.24,
    "weightedAverageShsOut": 32428000,
    "weightedAverageShsOutDil": 33647000,
    "link": "https://www.sec.gov/Archives/edgar/data/1329394/000119312512435496/0001193125-12-435496-index.htm",
    "finalLink": "https://www.sec.gov/Archives/edgar/data/1329394/000119312512435496/d429999dex991.htm"
  },
  {
    "date": "2012-09-30",
    "symbol": "SIMO",
    "reportedCurrency": "USD",
    "cik": "0001329394",
    "fillingDate": "2012-07-27",
    "acceptedDate": "2012-07-27 16:13:03",
    "calendarYear": "2012",
    "period": "Q3",
    "revenue": 77066000,
    "costOfRevenue": 41424000,
    "grossProfit": 35642000,
    "grossProfitRatio": 0.4624866997,
    "researchAndDevelopmentExpenses": 12076000,
    "generalAndAdministrativeExpenses": 2776000,
    "sellingAndMarketingExpenses": 4234000,
    "sellingGeneralAndAdministrativeExpenses": 7010000,
    "otherExpenses": 17000,
    "operatingExpenses": 19086000,
    "costAndExpenses": 60510000,
    "interestIncome": 378000,
    "interestExpense": 0,
    "depreciationAndAmortization": -379000,
    "ebitda": 16177000,
    "ebitdaratio": 0.2099109854,
    "operatingIncome": 16556000,
    "operatingIncomeRatio": 0.214828848,
    "totalOtherIncomeExpensesNet": 758000,
    "incomeBeforeTax": 17314000,
    "incomeBeforeTaxRatio": 0.2246645732,
    "incomeTaxExpense": 1692000,
    "netIncome": 15622000,
    "netIncomeRatio": 0.202709366,
    "eps": 0.48,
    "epsdiluted": 0.46,
    "weightedAverageShsOut": 32428000,
    "weightedAverageShsOutDil": 33647000,
    "link": "https://www.sec.gov/Archives/edgar/data/1329394/000119312512319512/0001193125-12-319512-index.htm",
    "finalLink": "https://www.sec.gov/Archives/edgar/data/1329394/000119312512319512/d386690dex991.htm"
  },
  {
    "date": "2012-06-30",
    "symbol": "SIMO",
    "reportedCurrency": "USD",
    "cik": "0001329394",
    "fillingDate": "2012-04-27",
    "acceptedDate": "2012-04-27 16:50:13",
    "calendarYear": "2012",
    "period": "Q2",
    "revenue": 69678000,
    "costOfRevenue": 35596000,
    "grossProfit": 34082000,
    "grossProfitRatio": 0.4891357387,
    "researchAndDevelopmentExpenses": 13337000,
    "generalAndAdministrativeExpenses": 3229000,
    "sellingAndMarketingExpenses": 4013000,
    "sellingGeneralAndAdministrativeExpenses": 7242000,
    "otherExpenses": 0,
    "operatingExpenses": 20579000,
    "costAndExpenses": 56175000,
    "interestIncome": 324000,
    "interestExpense": 0,
    "depreciationAndAmortization": 513000,
    "ebitda": 13503000,
    "ebitdaratio": 0.2011538793,
    "operatingIncome": 13503000,
    "operatingIncomeRatio": 0.1937914406,
    "totalOtherIncomeExpensesNet": -189000,
    "incomeBeforeTax": 13314000,
    "incomeBeforeTaxRatio": 0.1910789632,
    "incomeTaxExpense": 2657000,
    "netIncome": 10657000,
    "netIncomeRatio": 0.1529464106,
    "eps": 0.33,
    "epsdiluted": 0.32,
    "weightedAverageShsOut": 32407000,
    "weightedAverageShsOutDil": 33475000,
    "link": "https://www.sec.gov/Archives/edgar/data/1329394/000119312512191411/0001193125-12-191411-index.htm",
    "finalLink": "https://www.sec.gov/Archives/edgar/data/1329394/000119312512191411/d341887dex991.htm"
  },
  {
    "date": "2012-03-31",
    "symbol": "SIMO",
    "reportedCurrency": "USD",
    "cik": "0001329394",
    "fillingDate": "2012-02-03",
    "acceptedDate": "2012-02-03 14:43:26",
    "calendarYear": "2012",
    "period": "Q1",
    "revenue": 64022000,
    "costOfRevenue": 32379000,
    "grossProfit": 31643000,
    "grossProfitRatio": 0.4942519759,
    "researchAndDevelopmentExpenses": 11265000,
    "generalAndAdministrativeExpenses": 3184000,
    "sellingAndMarketingExpenses": 3873000,
    "sellingGeneralAndAdministrativeExpenses": 7057000,
    "otherExpenses": 1000,
    "operatingExpenses": 18322000,
    "costAndExpenses": 50701000,
    "interestIncome": 270000,
    "interestExpense": 0,
    "depreciationAndAmortization": -590000,
    "ebitda": 12731000,
    "ebitdaratio": 0.1988535191,
    "operatingIncome": 13321000,
    "operatingIncomeRatio": 0.2080691012,
    "totalOtherIncomeExpensesNet": 861000,
    "incomeBeforeTax": 14182000,
    "incomeBeforeTaxRatio": 0.2215176033,
    "incomeTaxExpense": 1173000,
    "netIncome": 13009000,
    "netIncomeRatio": 0.2031957765,
    "eps": 0.41,
    "epsdiluted": 0.39,
    "weightedAverageShsOut": 31956000,
    "weightedAverageShsOutDil": 33562000,
    "link": "https://www.sec.gov/Archives/edgar/data/1329394/000119312512038575/0001193125-12-038575-index.htm",
    "finalLink": "https://www.sec.gov/Archives/edgar/data/1329394/000119312512038575/d293756dex991.htm"
  },
  {
    "date": "2011-12-31",
    "symbol": "SIMO",
    "reportedCurrency": "USD",
    "cik": "0001329394",
    "fillingDate": "2011-11-02",
    "acceptedDate": "2011-11-02 16:44:56",
    "calendarYear": "2011",
    "period": "Q4",
    "revenue": 74505534,
    "costOfRevenue": 37578250,
    "grossProfit": 36927284,
    "grossProfitRatio": 0.4956314252,
    "researchAndDevelopmentExpenses": 13718132,
    "generalAndAdministrativeExpenses": 2984548,
    "sellingAndMarketingExpenses": 4790194,
    "sellingGeneralAndAdministrativeExpenses": 7774742,
    "otherExpenses": 22299313,
    "operatingExpenses": 21520857,
    "costAndExpenses": 59099107,
    "interestIncome": 0,
    "interestExpense": 0,
    "depreciationAndAmortization": 27982,
    "ebitda": 21741309,
    "ebitdaratio": 0.3030961969,
    "operatingIncome": 15406426,
    "operatingIncomeRatio": 0.2067823043,
    "totalOtherIncomeExpensesNet": -611767,
    "incomeBeforeTax": 14794659,
    "incomeBeforeTaxRatio": 0.1985712766,
    "incomeTaxExpense": 1188369,
    "netIncome": 13606289,
    "netIncomeRatio": 0.1826211931,
    "eps": 0.45,
    "epsdiluted": 0.41,
    "weightedAverageShsOut": 31054000,
    "weightedAverageShsOutDil": 33316000,
    "link": "https://www.sec.gov/Archives/edgar/data/1329394/000119312511292901/0001193125-11-292901-index.htm",
    "finalLink": "https://www.sec.gov/Archives/edgar/data/1329394/000119312511292901/d249900dex991.htm"
  },
  {
    "date": "2011-09-30",
    "symbol": "SIMO",
    "reportedCurrency": "USD",
    "cik": "0001329394",
    "fillingDate": "2011-08-01",
    "acceptedDate": "2011-07-29 18:25:10",
    "calendarYear": "2011",
    "period": "Q3",
    "revenue": 60272523,
    "costOfRevenue": 30565728,
    "grossProfit": 29706795,
    "grossProfitRatio": 0.492874589,
    "researchAndDevelopmentExpenses": 10024216,
    "generalAndAdministrativeExpenses": 3037278,
    "sellingAndMarketingExpenses": 3777369,
    "sellingGeneralAndAdministrativeExpenses": 6814647,
    "otherExpenses": 0,
    "operatingExpenses": 16838864,
    "costAndExpenses": 47404592,
    "interestIncome": 0,
    "interestExpense": 0,
    "depreciationAndAmortization": -7247109.204625,
    "ebitda": 5620820,
    "ebitdaratio": 0.0932567565,
    "operatingIncome": 12867930,
    "operatingIncomeRatio": 0.2134957914,
    "totalOtherIncomeExpensesNet": 7751000,
    "incomeBeforeTax": 20257873,
    "incomeBeforeTaxRatio": 0.3361046127,
    "incomeTaxExpense": 2831406,
    "netIncome": 18277000,
    "netIncomeRatio": 0.3032393384,
    "eps": 2.36,
    "epsdiluted": 2.24,
    "weightedAverageShsOut": 30960000,
    "weightedAverageShsOutDil": 32456000,
    "link": "https://www.sec.gov/Archives/edgar/data/1329394/000119312511203135/0001193125-11-203135-index.htm",
    "finalLink": "https://www.sec.gov/Archives/edgar/data/1329394/000119312511203135/dex991.htm"
  },
  {
    "date": "2011-06-30",
    "symbol": "SIMO",
    "reportedCurrency": "USD",
    "cik": "0001329394",
    "fillingDate": "2011-04-29",
    "acceptedDate": "2011-04-29 14:48:14",
    "calendarYear": "2011",
    "period": "Q2",
    "revenue": 50597811,
    "costOfRevenue": 26918320,
    "grossProfit": 23679491,
    "grossProfitRatio": 0.4679943763,
    "researchAndDevelopmentExpenses": 9116003,
    "generalAndAdministrativeExpenses": 2866914,
    "sellingAndMarketingExpenses": 3464899,
    "sellingGeneralAndAdministrativeExpenses": 6331813,
    "otherExpenses": 0,
    "operatingExpenses": 15648105,
    "costAndExpenses": 42566426,
    "interestIncome": 0,
    "interestExpense": 0,
    "depreciationAndAmortization": 200288,
    "ebitda": 8223000,
    "ebitdaratio": 0.2718801215,
    "operatingIncome": 8031385,
    "operatingIncomeRatio": 0.1587298905,
    "totalOtherIncomeExpensesNet": -2703000,
    "incomeBeforeTax": 5325062,
    "incomeBeforeTaxRatio": 0.1052429323,
    "incomeTaxExpense": 820551,
    "netIncome": 4500000,
    "netIncomeRatio": 0.0889366538,
    "eps": 0.6,
    "epsdiluted": 0.56,
    "weightedAverageShsOut": 30874000,
    "weightedAverageShsOutDil": 32206000,
    "link": "https://www.sec.gov/Archives/edgar/data/1329394/000119312511118190/0001193125-11-118190-index.htm",
    "finalLink": "https://www.sec.gov/Archives/edgar/data/1329394/000119312511118190/dex991.htm"
  },
  {
    "date": "2011-03-31",
    "symbol": "SIMO",
    "reportedCurrency": "USD",
    "cik": "0001329394",
    "fillingDate": "2011-02-01",
    "acceptedDate": "2011-02-01 14:50:49",
    "calendarYear": "2011",
    "period": "Q1",
    "revenue": 43220039,
    "costOfRevenue": 23262840,
    "grossProfit": 19957199,
    "grossProfitRatio": 0.4617580054,
    "researchAndDevelopmentExpenses": 8521367,
    "generalAndAdministrativeExpenses": 2700628,
    "sellingAndMarketingExpenses": 2814053,
    "sellingGeneralAndAdministrativeExpenses": 5514681,
    "otherExpenses": 0,
    "operatingExpenses": 14624446,
    "costAndExpenses": 37887286,
    "interestIncome": 0,
    "interestExpense": 0,
    "depreciationAndAmortization": 588397,
    "ebitda": 5945000,
    "ebitdaratio": 0.0904336991,
    "operatingIncome": 5332752,
    "operatingIncomeRatio": 0.1233860987,
    "totalOtherIncomeExpensesNet": 2091000,
    "incomeBeforeTax": 7415522,
    "incomeBeforeTaxRatio": 0.1715760136,
    "incomeTaxExpense": 1003293,
    "netIncome": 6438000,
    "netIncomeRatio": 0.1489586809,
    "eps": 0.84,
    "epsdiluted": 0.84,
    "weightedAverageShsOut": 30195000,
    "weightedAverageShsOutDil": 31393000,
    "link": "https://www.sec.gov/Archives/edgar/data/1329394/000119312511020140/0001193125-11-020140-index.htm",
    "finalLink": "https://www.sec.gov/Archives/edgar/data/1329394/000119312511020140/dex991.htm"
  },
  {
    "date": "2010-12-31",
    "symbol": "SIMO",
    "reportedCurrency": "USD",
    "cik": "0001329394",
    "fillingDate": "2010-11-04",
    "acceptedDate": "2010-11-04 13:44:56",
    "calendarYear": "2010",
    "period": "Q4",
    "revenue": 49434475,
    "costOfRevenue": 27013210,
    "grossProfit": 22421265,
    "grossProfitRatio": 0.4535552365,
    "researchAndDevelopmentExpenses": 10587733,
    "generalAndAdministrativeExpenses": 2592155,
    "sellingAndMarketingExpenses": 3536839,
    "sellingGeneralAndAdministrativeExpenses": 6128995,
    "otherExpenses": 22014079,
    "operatingExpenses": 18835600,
    "costAndExpenses": 45848810,
    "interestIncome": 0,
    "interestExpense": 0,
    "depreciationAndAmortization": 726953,
    "ebitda": 1931529,
    "ebitdaratio": 0.0390725096,
    "operatingIncome": 5207476,
    "operatingIncomeRatio": 0.1053409791,
    "totalOtherIncomeExpensesNet": -9887207.939043999,
    "incomeBeforeTax": -4679731.939044,
    "incomeBeforeTaxRatio": -0.0946653512,
    "incomeTaxExpense": 1086626,
    "netIncome": -5766358.340531,
    "netIncomeRatio": -0.116646497,
    "eps": -0.2,
    "epsdiluted": -0.2,
    "weightedAverageShsOut": 29252000,
    "weightedAverageShsOutDil": 29252000,
    "link": "https://www.sec.gov/Archives/edgar/data/1329394/000119312510247753/0001193125-10-247753-index.htm",
    "finalLink": "https://www.sec.gov/Archives/edgar/data/1329394/000119312510247753/dex991.htm"
  },
  {
    "date": "2010-09-30",
    "symbol": "SIMO",
    "reportedCurrency": "USD",
    "cik": "0001329394",
    "fillingDate": "2010-07-30",
    "acceptedDate": "2010-07-30 14:45:49",
    "calendarYear": "2010",
    "period": "Q3",
    "revenue": 35038005,
    "costOfRevenue": 18125304,
    "grossProfit": 16912701,
    "grossProfitRatio": 0.4826958898,
    "researchAndDevelopmentExpenses": 9148107,
    "generalAndAdministrativeExpenses": 2796824,
    "sellingAndMarketingExpenses": 3406350,
    "sellingGeneralAndAdministrativeExpenses": 6203175,
    "otherExpenses": 0,
    "operatingExpenses": 15909846,
    "costAndExpenses": 34035150,
    "interestIncome": 0,
    "interestExpense": 0,
    "depreciationAndAmortization": 555355,
    "ebitda": 1558210,
    "ebitdaratio": 0.1157718312,
    "operatingIncome": 1002854,
    "operatingIncomeRatio": 0.0286218921,
    "totalOtherIncomeExpensesNet": -2442751.3701090002,
    "incomeBeforeTax": -1439897.370109,
    "incomeBeforeTaxRatio": -0.0410953012,
    "incomeTaxExpense": -1779826.812059,
    "netIncome": 339929,
    "netIncomeRatio": 0.0097017351,
    "eps": 0.0115,
    "epsdiluted": 0.0115,
    "weightedAverageShsOut": 29226000,
    "weightedAverageShsOutDil": 30446000,
    "link": "https://www.sec.gov/Archives/edgar/data/1329394/000119312510172088/0001193125-10-172088-index.htm",
    "finalLink": "https://www.sec.gov/Archives/edgar/data/1329394/000119312510172088/dex991.htm"
  },
  {
    "date": "2010-06-30",
    "symbol": "SIMO",
    "reportedCurrency": "USD",
    "cik": "0001329394",
    "fillingDate": "2010-04-30",
    "acceptedDate": "2010-04-30 15:13:01",
    "calendarYear": "2010",
    "period": "Q2",
    "revenue": 32076629,
    "costOfRevenue": 16836142,
    "grossProfit": 15240487,
    "grossProfitRatio": 0.4751274518,
    "researchAndDevelopmentExpenses": 8692337,
    "generalAndAdministrativeExpenses": 2454204,
    "sellingAndMarketingExpenses": 3212780,
    "sellingGeneralAndAdministrativeExpenses": 5666985,
    "otherExpenses": 0,
    "operatingExpenses": 13548142,
    "costAndExpenses": 30384285,
    "interestIncome": 0,
    "interestExpense": 0,
    "depreciationAndAmortization": 536449,
    "ebitda": 2228794,
    "ebitdaratio": 0.0656742328,
    "operatingIncome": 1692344,
    "operatingIncomeRatio": 0.0527594094,
    "totalOtherIncomeExpensesNet": 192479,
    "incomeBeforeTax": 1884823,
    "incomeBeforeTaxRatio": 0.0587600087,
    "incomeTaxExpense": -335668.295905,
    "netIncome": 2220491,
    "netIncomeRatio": 0.0692245894,
    "eps": 0.0756,
    "epsdiluted": 0.0731,
    "weightedAverageShsOut": 29224000,
    "weightedAverageShsOutDil": 30313000,
    "link": "https://www.sec.gov/Archives/edgar/data/1329394/000119312510101574/0001193125-10-101574-index.htm",
    "finalLink": "https://www.sec.gov/Archives/edgar/data/1329394/000119312510101574/dex991.htm"
  },
  {
    "date": "2010-03-31",
    "symbol": "SIMO",
    "reportedCurrency": "USD",
    "cik": "0001329394",
    "fillingDate": "2010-02-02",
    "acceptedDate": "2010-02-02 12:27:55",
    "calendarYear": "2010",
    "period": "Q1",
    "revenue": 26011500,
    "costOfRevenue": 13784946,
    "grossProfit": 12226554,
    "grossProfitRatio": 0.4700441728,
    "researchAndDevelopmentExpenses": 7505288,
    "generalAndAdministrativeExpenses": 2566793,
    "sellingAndMarketingExpenses": 3097623,
    "sellingGeneralAndAdministrativeExpenses": 5664416,
    "otherExpenses": 0,
    "operatingExpenses": 13711242,
    "costAndExpenses": 27496189,
    "interestIncome": 0,
    "interestExpense": 0,
    "depreciationAndAmortization": 541537,
    "ebitda": -943151.063225,
    "ebitdaratio": -0.0208095358,
    "operatingIncome": -1484688.784884,
    "operatingIncomeRatio": -0.0570781687,
    "totalOtherIncomeExpensesNet": -322806.077145,
    "incomeBeforeTax": -1807494.862029,
    "incomeBeforeTaxRatio": -0.0694882979,
    "incomeTaxExpense": 379539,
    "netIncome": -2187034.655158,
    "netIncomeRatio": -0.0840795285,
    "eps": -0.0769,
    "epsdiluted": -0.0769,
    "weightedAverageShsOut": 28457000,
    "weightedAverageShsOutDil": 28457000,
    "link": "https://www.sec.gov/Archives/edgar/data/1329394/000119312510019139/0001193125-10-019139-index.htm",
    "finalLink": "https://www.sec.gov/Archives/edgar/data/1329394/000119312510019139/dex991.htm"
  },
  {
    "date": "2009-12-31",
    "symbol": "SIMO",
    "reportedCurrency": "USD",
    "cik": "0001329394",
    "fillingDate": "2010-06-25",
    "acceptedDate": "2010-06-25 13:12:27",
    "calendarYear": "2009",
    "period": "Q4",
    "revenue": 22871736,
    "costOfRevenue": 17157860,
    "grossProfit": 5713876,
    "grossProfitRatio": 0.2498225758,
    "researchAndDevelopmentExpenses": 11276606,
    "generalAndAdministrativeExpenses": 5930381,
    "sellingAndMarketingExpenses": 4203689,
    "sellingGeneralAndAdministrativeExpenses": 10134070,
    "otherExpenses": 1424563744,
    "operatingExpenses": 22927271,
    "costAndExpenses": 40085131,
    "interestIncome": 0,
    "interestExpense": 0,
    "depreciationAndAmortization": 1516594,
    "ebitda": -56756833.57158,
    "ebitdaratio": -0.7747517447,
    "operatingIncome": -55859258.977052,
    "operatingIncomeRatio": -2.4422833045,
    "totalOtherIncomeExpensesNet": -286700.9184129983,
    "incomeBeforeTax": -56145959.895465,
    "incomeBeforeTaxRatio": -2.4548184666,
    "incomeTaxExpense": 3371301,
    "netIncome": -59517261.23836,
    "netIncomeRatio": -2.6022187926,
    "eps": -2.14,
    "epsdiluted": -2.14,
    "weightedAverageShsOut": 27837000,
    "weightedAverageShsOutDil": 27837000,
    "link": "https://www.sec.gov/Archives/edgar/data/1329394/000119312510147017/0001193125-10-147017-index.htm",
    "finalLink": "https://www.sec.gov/Archives/edgar/data/1329394/000119312510147017/d20f.htm"
  }
]