[
  {
    "date": "2024-09-29",
    "symbol": "LRCX",
    "reportedCurrency": "USD",
    "cik": "0000707549",
    "fillingDate": "2024-10-28",
    "acceptedDate": "2024-10-28 16:10:19",
    "calendarYear": "2025",
    "period": "Q1",
    "revenue": 4167976000,
    "costOfRevenue": 2165293000,
    "grossProfit": 2002683000,
    "grossProfitRatio": 0.4804929299,
    "researchAndDevelopmentExpenses": 495358000,
    "generalAndAdministrativeExpenses": 0,
    "sellingAndMarketingExpenses": 0,
    "sellingGeneralAndAdministrativeExpenses": 243128000,
    "otherExpenses": 0,
    "operatingExpenses": 738486000,
    "costAndExpenses": 2903779000,
    "interestIncome": 68449000,
    "interestExpense": 44946000,
    "depreciationAndAmortization": 94295000,
    "ebitda": 1433519000,
    "ebitdaratio": 0.3439364814,
    "operatingIncome": 1264197000,
    "operatingIncomeRatio": 0.3033119672,
    "totalOtherIncomeExpensesNet": 30081000,
    "incomeBeforeTax": 1294278000,
    "incomeBeforeTaxRatio": 0.3105291393,
    "incomeTaxExpense": 177834000,
    "netIncome": 1116444000,
    "netIncomeRatio": 0.2678623869,
    "eps": 0.86,
    "epsdiluted": 0.86,
    "weightedAverageShsOut": 1299236000,
    "weightedAverageShsOutDil": 1304066000,
    "link": "https://www.sec.gov/Archives/edgar/data/707549/000070754924000128/0000707549-24-000128-index.htm",
    "finalLink": "https://www.sec.gov/Archives/edgar/data/707549/000070754924000128/lrcx-20240929.htm"
  },
  {
    "date": "2024-06-30",
    "symbol": "LRCX",
    "reportedCurrency": "USD",
    "cik": "0000707549",
    "fillingDate": "2024-08-29",
    "acceptedDate": "2024-08-29 14:10:55",
    "calendarYear": "2024",
    "period": "Q4",
    "revenue": 3871507000,
    "costOfRevenue": 2021627000,
    "grossProfit": 1849880000,
    "grossProfitRatio": 0.4778191025,
    "researchAndDevelopmentExpenses": 497829000,
    "generalAndAdministrativeExpenses": 0,
    "sellingAndMarketingExpenses": 0,
    "sellingGeneralAndAdministrativeExpenses": 215707000,
    "otherExpenses": -241000,
    "operatingExpenses": 713536000,
    "costAndExpenses": 2735163000,
    "interestIncome": 66027000,
    "interestExpense": 46439000,
    "depreciationAndAmortization": 88357000,
    "ebitda": 1224701000,
    "ebitdaratio": 0.3163370233,
    "operatingIncome": 1136344000,
    "operatingIncomeRatio": 0.2935146443,
    "totalOtherIncomeExpensesNet": 18012000,
    "incomeBeforeTax": 1154356000,
    "incomeBeforeTaxRatio": 0.2981670962,
    "incomeTaxExpense": 134074000,
    "netIncome": 1020282000,
    "netIncomeRatio": 0.2635361372,
    "eps": 0.7800000000000001,
    "epsdiluted": 0.7800000000000001,
    "weightedAverageShsOut": 1306330000,
    "weightedAverageShsOutDil": 1311120000,
    "link": "https://www.sec.gov/Archives/edgar/data/707549/000070754924000106/0000707549-24-000106-index.htm",
    "finalLink": "https://www.sec.gov/Archives/edgar/data/707549/000070754924000106/lrcx-20240630.htm"
  },
  {
    "date": "2024-03-31",
    "symbol": "LRCX",
    "reportedCurrency": "USD",
    "cik": "0000707549",
    "fillingDate": "2024-04-29",
    "acceptedDate": "2024-04-29 16:11:09",
    "calendarYear": "2024",
    "period": "Q3",
    "revenue": 3793558000,
    "costOfRevenue": 1978590000,
    "grossProfit": 1814968000,
    "grossProfitRatio": 0.4784342298,
    "researchAndDevelopmentExpenses": 512274000,
    "generalAndAdministrativeExpenses": 0,
    "sellingAndMarketingExpenses": 0,
    "sellingGeneralAndAdministrativeExpenses": 215134000,
    "otherExpenses": -10677000,
    "operatingExpenses": 727408000,
    "costAndExpenses": 2705998000,
    "interestIncome": 71752000,
    "interestExpense": 47153000,
    "depreciationAndAmortization": 89922000,
    "ebitda": 1177482000,
    "ebitdaratio": 0.3103898767,
    "operatingIncome": 1087560000,
    "operatingIncomeRatio": 0.2866860082,
    "totalOtherIncomeExpensesNet": 5625000,
    "incomeBeforeTax": 1093185000,
    "incomeBeforeTaxRatio": 0.2881687851,
    "incomeTaxExpense": 127359000,
    "netIncome": 965826000,
    "netIncomeRatio": 0.2545963446,
    "eps": 0.738,
    "epsdiluted": 0.734,
    "weightedAverageShsOut": 1308380000,
    "weightedAverageShsOutDil": 1315180000,
    "link": "https://www.sec.gov/Archives/edgar/data/707549/000070754924000067/0000707549-24-000067-index.htm",
    "finalLink": "https://www.sec.gov/Archives/edgar/data/707549/000070754924000067/lrcx-20240331.htm"
  },
  {
    "date": "2023-12-24",
    "symbol": "LRCX",
    "reportedCurrency": "USD",
    "cik": "0000707549",
    "fillingDate": "2024-01-29",
    "acceptedDate": "2024-01-29 16:07:46",
    "calendarYear": "2024",
    "period": "Q2",
    "revenue": 3758259000,
    "costOfRevenue": 2000804000,
    "grossProfit": 1757455000,
    "grossProfitRatio": 0.4676247699,
    "researchAndDevelopmentExpenses": 469712000,
    "generalAndAdministrativeExpenses": 0,
    "sellingAndMarketingExpenses": 0,
    "sellingGeneralAndAdministrativeExpenses": 228843000,
    "otherExpenses": 19125000,
    "operatingExpenses": 698555000,
    "costAndExpenses": 2699359000,
    "interestIncome": 57595000,
    "interestExpense": 46313000,
    "depreciationAndAmortization": 90941000,
    "ebitda": 1164798000,
    "ebitdaratio": 0.3263641489,
    "operatingIncome": 1057212000,
    "operatingIncomeRatio": 0.2813036568,
    "totalOtherIncomeExpensesNet": 29839000,
    "incomeBeforeTax": 1087051000,
    "incomeBeforeTaxRatio": 0.2892432374,
    "incomeTaxExpense": 132785000,
    "netIncome": 954266000,
    "netIncomeRatio": 0.2539117182,
    "eps": 0.7250000000000001,
    "epsdiluted": 0.722,
    "weightedAverageShsOut": 1316289990,
    "weightedAverageShsOutDil": 1322200000,
    "link": "https://www.sec.gov/Archives/edgar/data/707549/000070754924000016/0000707549-24-000016-index.htm",
    "finalLink": "https://www.sec.gov/Archives/edgar/data/707549/000070754924000016/lrcx-20231224.htm"
  },
  {
    "date": "2023-09-24",
    "symbol": "LRCX",
    "reportedCurrency": "USD",
    "cik": "0000707549",
    "fillingDate": "2023-10-23",
    "acceptedDate": "2023-10-23 16:07:00",
    "calendarYear": "2024",
    "period": "Q1",
    "revenue": 3482062000,
    "costOfRevenue": 1827360000,
    "grossProfit": 1654702000,
    "grossProfitRatio": 0.4752075064,
    "researchAndDevelopmentExpenses": 422629000,
    "generalAndAdministrativeExpenses": 0,
    "sellingAndMarketingExpenses": 0,
    "sellingGeneralAndAdministrativeExpenses": 207023000,
    "otherExpenses": -9901000,
    "operatingExpenses": 629652000,
    "costAndExpenses": 2457012000,
    "interestIncome": 56564000,
    "interestExpense": 45331000,
    "depreciationAndAmortization": 90479000,
    "ebitda": 1123469000,
    "ebitdaratio": 0.3337654528,
    "operatingIncome": 1023029000,
    "operatingIncomeRatio": 0.2937997658,
    "totalOtherIncomeExpensesNet": 2601000,
    "incomeBeforeTax": 1025630000,
    "incomeBeforeTaxRatio": 0.294546737,
    "incomeTaxExpense": 138232000,
    "netIncome": 887398000,
    "netIncomeRatio": 0.2548484203,
    "eps": 0.669,
    "epsdiluted": 0.666,
    "weightedAverageShsOut": 1325840000,
    "weightedAverageShsOutDil": 1331660000,
    "link": "https://www.sec.gov/Archives/edgar/data/707549/000070754923000115/0000707549-23-000115-index.htm",
    "finalLink": "https://www.sec.gov/Archives/edgar/data/707549/000070754923000115/lrcx-20230924.htm"
  },
  {
    "date": "2023-06-25",
    "symbol": "LRCX",
    "reportedCurrency": "USD",
    "cik": "0000707549",
    "fillingDate": "2023-08-15",
    "acceptedDate": "2023-08-15 16:04:08",
    "calendarYear": "2023",
    "period": "Q4",
    "revenue": 3207257000,
    "costOfRevenue": 1749128000,
    "grossProfit": 1458129000,
    "grossProfitRatio": 0.4546342872,
    "researchAndDevelopmentExpenses": 401951000,
    "generalAndAdministrativeExpenses": 0,
    "sellingAndMarketingExpenses": 0,
    "sellingGeneralAndAdministrativeExpenses": 199831000,
    "otherExpenses": 9010000,
    "operatingExpenses": 601782000,
    "costAndExpenses": 2350910000,
    "interestIncome": 55829000,
    "interestExpense": 46532000,
    "depreciationAndAmortization": 89604000,
    "ebitda": 957397000,
    "ebitdaratio": 0.2954839603,
    "operatingIncome": 854605000,
    "operatingIncomeRatio": 0.2664597817,
    "totalOtherIncomeExpensesNet": 9010000,
    "incomeBeforeTax": 863615000,
    "incomeBeforeTaxRatio": 0.2692690358,
    "incomeTaxExpense": 61078000,
    "netIncome": 802537000,
    "netIncomeRatio": 0.2502253483,
    "eps": 0.5990000000000001,
    "epsdiluted": 0.597,
    "weightedAverageShsOut": 1340519990,
    "weightedAverageShsOutDil": 1343920000,
    "link": "https://www.sec.gov/Archives/edgar/data/707549/000070754923000102/0000707549-23-000102-index.htm",
    "finalLink": "https://www.sec.gov/Archives/edgar/data/707549/000070754923000102/lrcx-20230625.htm"
  },
  {
    "date": "2023-03-26",
    "symbol": "LRCX",
    "reportedCurrency": "USD",
    "cik": "0000707549",
    "fillingDate": "2023-04-24",
    "acceptedDate": "2023-04-24 16:30:15",
    "calendarYear": "2023",
    "period": "Q3",
    "revenue": 3869569000,
    "costOfRevenue": 2263957000,
    "grossProfit": 1605612000,
    "grossProfitRatio": 0.4149330326,
    "researchAndDevelopmentExpenses": 429451000,
    "generalAndAdministrativeExpenses": 0,
    "sellingAndMarketingExpenses": 0,
    "sellingGeneralAndAdministrativeExpenses": 193500000,
    "otherExpenses": -3331000,
    "operatingExpenses": 622951000,
    "costAndExpenses": 2886908000,
    "interestIncome": 41974000,
    "interestExpense": 84147000,
    "depreciationAndAmortization": 91863000,
    "ebitda": 1078002000,
    "ebitdaratio": 0.2880765274,
    "operatingIncome": 942253000,
    "operatingIncomeRatio": 0.2435033462,
    "totalOtherIncomeExpensesNet": -3331000,
    "incomeBeforeTax": 938922000,
    "incomeBeforeTaxRatio": 0.2426425269,
    "incomeTaxExpense": 124914000,
    "netIncome": 814008000,
    "netIncomeRatio": 0.2103614123,
    "eps": 0.6030000000000002,
    "epsdiluted": 0.601,
    "weightedAverageShsOut": 1349240000,
    "weightedAverageShsOutDil": 1353950000,
    "link": "https://www.sec.gov/Archives/edgar/data/707549/000070754923000081/0000707549-23-000081-index.htm",
    "finalLink": "https://www.sec.gov/Archives/edgar/data/707549/000070754923000081/lrcx-20230326.htm"
  },
  {
    "date": "2022-12-25",
    "symbol": "LRCX",
    "reportedCurrency": "USD",
    "cik": "0000707549",
    "fillingDate": "2023-01-30",
    "acceptedDate": "2023-01-30 16:08:01",
    "calendarYear": "2023",
    "period": "Q2",
    "revenue": 5277569000,
    "costOfRevenue": 2901220000,
    "grossProfit": 2376349000,
    "grossProfitRatio": 0.4502734119,
    "researchAndDevelopmentExpenses": 462385000,
    "generalAndAdministrativeExpenses": 0,
    "sellingAndMarketingExpenses": 0,
    "sellingGeneralAndAdministrativeExpenses": 233802000,
    "otherExpenses": -28234000,
    "operatingExpenses": 696187000,
    "costAndExpenses": 3597407000,
    "interestIncome": 26125000,
    "interestExpense": 46661000,
    "depreciationAndAmortization": 85414000,
    "ebitda": 1765576000,
    "ebitdaratio": 0.3345434233,
    "operatingIncome": 1680162000,
    "operatingIncomeRatio": 0.3183590778,
    "totalOtherIncomeExpensesNet": -28234000,
    "incomeBeforeTax": 1651928000,
    "incomeBeforeTaxRatio": 0.3130092662,
    "incomeTaxExpense": 183421000,
    "netIncome": 1468507000,
    "netIncomeRatio": 0.2782544387,
    "eps": 1.08,
    "epsdiluted": 1.077,
    "weightedAverageShsOut": 1360180000,
    "weightedAverageShsOutDil": 1363390000,
    "link": "https://www.sec.gov/Archives/edgar/data/707549/000070754923000008/0000707549-23-000008-index.htm",
    "finalLink": "https://www.sec.gov/Archives/edgar/data/707549/000070754923000008/lrcx-20221225.htm"
  },
  {
    "date": "2022-09-25",
    "symbol": "LRCX",
    "reportedCurrency": "USD",
    "cik": "0000707549",
    "fillingDate": "2022-10-24",
    "acceptedDate": "2022-10-24 16:20:06",
    "calendarYear": "2023",
    "period": "Q1",
    "revenue": 5074121000,
    "costOfRevenue": 2737286000,
    "grossProfit": 2336835000,
    "grossProfitRatio": 0.4605398649,
    "researchAndDevelopmentExpenses": 433375000,
    "generalAndAdministrativeExpenses": 0,
    "sellingAndMarketingExpenses": 0,
    "sellingGeneralAndAdministrativeExpenses": 205620000,
    "otherExpenses": -43095000,
    "operatingExpenses": 638995000,
    "costAndExpenses": 3376281000,
    "interestIncome": 15056000,
    "interestExpense": 46052000,
    "depreciationAndAmortization": 75751000,
    "ebitda": 1773591000,
    "ebitdaratio": 0.3495365995,
    "operatingIncome": 1697840000,
    "operatingIncomeRatio": 0.3346077084,
    "totalOtherIncomeExpensesNet": -43095000,
    "incomeBeforeTax": 1654745000,
    "incomeBeforeTaxRatio": 0.3261146118,
    "incomeTaxExpense": 228866000,
    "netIncome": 1425879000,
    "netIncomeRatio": 0.2810100508,
    "eps": 1.042,
    "epsdiluted": 1.0390000000000001,
    "weightedAverageShsOut": 1368910000,
    "weightedAverageShsOutDil": 1372080000,
    "link": "https://www.sec.gov/Archives/edgar/data/707549/000070754922000124/0000707549-22-000124-index.htm",
    "finalLink": "https://www.sec.gov/Archives/edgar/data/707549/000070754922000124/lrcx-20220925.htm"
  },
  {
    "date": "2022-06-26",
    "symbol": "LRCX",
    "reportedCurrency": "USD",
    "cik": "0000707549",
    "fillingDate": "2022-08-24",
    "acceptedDate": "2022-08-24 16:09:20",
    "calendarYear": "2022",
    "period": "Q4",
    "revenue": 4617248000,
    "costOfRevenue": 2530252000,
    "grossProfit": 2086996000,
    "grossProfitRatio": 0.4519999792,
    "researchAndDevelopmentExpenses": 411150000,
    "generalAndAdministrativeExpenses": 0,
    "sellingAndMarketingExpenses": 0,
    "sellingGeneralAndAdministrativeExpenses": 208639000,
    "otherExpenses": -120448000,
    "operatingExpenses": 619789000,
    "costAndExpenses": 3150041000,
    "interestIncome": 6221000,
    "interestExpense": 46228000,
    "depreciationAndAmortization": 87932000,
    "ebitda": 1555139000,
    "ebitdaratio": 0.3368108016,
    "operatingIncome": 1467207000,
    "operatingIncomeRatio": 0.317766557,
    "totalOtherIncomeExpensesNet": -108302000,
    "incomeBeforeTax": 1358905000,
    "incomeBeforeTaxRatio": 0.2943105937,
    "incomeTaxExpense": 149971000,
    "netIncome": 1208934000,
    "netIncomeRatio": 0.2618299905,
    "eps": 0.876,
    "epsdiluted": 0.8740000000000002,
    "weightedAverageShsOut": 1379930000,
    "weightedAverageShsOutDil": 1383130000,
    "link": "https://www.sec.gov/Archives/edgar/data/707549/000070754922000107/0000707549-22-000107-index.htm",
    "finalLink": "https://www.sec.gov/Archives/edgar/data/707549/000070754922000107/lrcx-20220626.htm"
  },
  {
    "date": "2022-03-27",
    "symbol": "LRCX",
    "reportedCurrency": "USD",
    "cik": "0000707549",
    "fillingDate": "2022-04-26",
    "acceptedDate": "2022-04-26 16:02:09",
    "calendarYear": "2022",
    "period": "Q3",
    "revenue": 4060416000,
    "costOfRevenue": 2243791000,
    "grossProfit": 1816625000,
    "grossProfitRatio": 0.4473987394,
    "researchAndDevelopmentExpenses": 407120000,
    "generalAndAdministrativeExpenses": 0,
    "sellingAndMarketingExpenses": 0,
    "sellingGeneralAndAdministrativeExpenses": 217408000,
    "otherExpenses": -57402000,
    "operatingExpenses": 624528000,
    "costAndExpenses": 2868319000,
    "interestIncome": 1938000,
    "interestExpense": 46710000,
    "depreciationAndAmortization": 84328000,
    "ebitda": 1265733000,
    "ebitdaratio": 0.314333556,
    "operatingIncome": 1192097000,
    "operatingIncomeRatio": 0.2935898686,
    "totalOtherIncomeExpensesNet": -57402000,
    "incomeBeforeTax": 1134695000,
    "incomeBeforeTaxRatio": 0.2794528935,
    "incomeTaxExpense": 112917000,
    "netIncome": 1021778000,
    "netIncomeRatio": 0.2516436739,
    "eps": 0.734,
    "epsdiluted": 0.73,
    "weightedAverageShsOut": 1392290000,
    "weightedAverageShsOutDil": 1400570000,
    "link": "https://www.sec.gov/Archives/edgar/data/707549/000070754922000067/0000707549-22-000067-index.htm",
    "finalLink": "https://www.sec.gov/Archives/edgar/data/707549/000070754922000067/lrcx-20220327.htm"
  },
  {
    "date": "2021-12-26",
    "symbol": "LRCX",
    "reportedCurrency": "USD",
    "cik": "0000707549",
    "fillingDate": "2022-02-01",
    "acceptedDate": "2022-02-01 16:05:14",
    "calendarYear": "2022",
    "period": "Q2",
    "revenue": 4226604000,
    "costOfRevenue": 2248688000,
    "grossProfit": 1977916000,
    "grossProfitRatio": 0.4679681371,
    "researchAndDevelopmentExpenses": 403644000,
    "generalAndAdministrativeExpenses": 0,
    "sellingAndMarketingExpenses": 0,
    "sellingGeneralAndAdministrativeExpenses": 236133000,
    "otherExpenses": 17999000,
    "operatingExpenses": 639777000,
    "costAndExpenses": 2888465000,
    "interestIncome": 2372000,
    "interestExpense": 46765000,
    "depreciationAndAmortization": 81705000,
    "ebitda": 1419844000,
    "ebitdaratio": 0.3359302173,
    "operatingIncome": 1338139000,
    "operatingIncomeRatio": 0.3165990947,
    "totalOtherIncomeExpensesNet": 17999000,
    "incomeBeforeTax": 1356138000,
    "incomeBeforeTaxRatio": 0.3208575963,
    "incomeTaxExpense": 161308000,
    "netIncome": 1194830000,
    "netIncomeRatio": 0.2826926771,
    "eps": 0.8500000000000001,
    "epsdiluted": 0.844,
    "weightedAverageShsOut": 1406300000,
    "weightedAverageShsOutDil": 1415300000,
    "link": "https://www.sec.gov/Archives/edgar/data/707549/000070754922000012/0000707549-22-000012-index.htm",
    "finalLink": "https://www.sec.gov/Archives/edgar/data/707549/000070754922000012/lrcx-20211226.htm"
  },
  {
    "date": "2021-09-26",
    "symbol": "LRCX",
    "reportedCurrency": "USD",
    "cik": "0000707549",
    "fillingDate": "2021-10-26",
    "acceptedDate": "2021-10-26 16:06:27",
    "calendarYear": "2022",
    "period": "Q1",
    "revenue": 4304465000,
    "costOfRevenue": 2327711000,
    "grossProfit": 1976754000,
    "grossProfitRatio": 0.4592333774,
    "researchAndDevelopmentExpenses": 382327000,
    "generalAndAdministrativeExpenses": 0,
    "sellingAndMarketingExpenses": 0,
    "sellingGeneralAndAdministrativeExpenses": 222194000,
    "otherExpenses": -28857000,
    "operatingExpenses": 604521000,
    "costAndExpenses": 2932232000,
    "interestIncome": 4678000,
    "interestExpense": 45056000,
    "depreciationAndAmortization": 79874000,
    "ebitda": 1452107000,
    "ebitdaratio": 0.3373490085,
    "operatingIncome": 1372233000,
    "operatingIncomeRatio": 0.3187929278,
    "totalOtherIncomeExpensesNet": -28857000,
    "incomeBeforeTax": 1343376000,
    "incomeBeforeTaxRatio": 0.3120889588,
    "incomeTaxExpense": 163632000,
    "netIncome": 1179744000,
    "netIncomeRatio": 0.2740744785,
    "eps": 0.8320000000000001,
    "epsdiluted": 0.827,
    "weightedAverageShsOut": 1417430000,
    "weightedAverageShsOutDil": 1426120000,
    "link": "https://www.sec.gov/Archives/edgar/data/707549/000070754921000155/0000707549-21-000155-index.htm",
    "finalLink": "https://www.sec.gov/Archives/edgar/data/707549/000070754921000155/lrcx-20210926.htm"
  },
  {
    "date": "2021-06-27",
    "symbol": "LRCX",
    "reportedCurrency": "USD",
    "cik": "0000707549",
    "fillingDate": "2021-08-17",
    "acceptedDate": "2021-08-17 16:06:57",
    "calendarYear": "2021",
    "period": "Q4",
    "revenue": 4145179000,
    "costOfRevenue": 2229978000,
    "grossProfit": 1915201000,
    "grossProfitRatio": 0.4620309521,
    "researchAndDevelopmentExpenses": 381749000,
    "generalAndAdministrativeExpenses": 0,
    "sellingAndMarketingExpenses": 0,
    "sellingGeneralAndAdministrativeExpenses": 217525000,
    "otherExpenses": -7166000,
    "operatingExpenses": 599274000,
    "costAndExpenses": 2829252000,
    "interestIncome": 3723000,
    "interestExpense": 51695000,
    "depreciationAndAmortization": 78397000,
    "ebitda": 1394324000,
    "ebitdaratio": 0.3363724462,
    "operatingIncome": 1315927000,
    "operatingIncomeRatio": 0.317459632,
    "totalOtherIncomeExpensesNet": -7166000,
    "incomeBeforeTax": 1308761000,
    "incomeBeforeTaxRatio": 0.3157308768,
    "incomeTaxExpense": 164104000,
    "netIncome": 1144657000,
    "netIncomeRatio": 0.2761417541,
    "eps": 0.802,
    "epsdiluted": 0.798,
    "weightedAverageShsOut": 1426620000,
    "weightedAverageShsOutDil": 1435140000,
    "link": "https://www.sec.gov/Archives/edgar/data/707549/000070754921000136/0000707549-21-000136-index.htm",
    "finalLink": "https://www.sec.gov/Archives/edgar/data/707549/000070754921000136/lrcx-20210627.htm"
  },
  {
    "date": "2021-03-28",
    "symbol": "LRCX",
    "reportedCurrency": "USD",
    "cik": "0000707549",
    "fillingDate": "2021-04-28",
    "acceptedDate": "2021-04-28 16:08:15",
    "calendarYear": "2021",
    "period": "Q3",
    "revenue": 3847654000,
    "costOfRevenue": 2067523000,
    "grossProfit": 1780131000,
    "grossProfitRatio": 0.4626536066,
    "researchAndDevelopmentExpenses": 381120000,
    "generalAndAdministrativeExpenses": 0,
    "sellingAndMarketingExpenses": 0,
    "sellingGeneralAndAdministrativeExpenses": 203703000,
    "otherExpenses": -35320000,
    "operatingExpenses": 584823000,
    "costAndExpenses": 2652346000,
    "interestIncome": 4209000,
    "interestExpense": 52236000,
    "depreciationAndAmortization": 79453000,
    "ebitda": 1274761000,
    "ebitdaratio": 0.3313086364,
    "operatingIncome": 1195308000,
    "operatingIncomeRatio": 0.3106589106,
    "totalOtherIncomeExpensesNet": -35320000,
    "incomeBeforeTax": 1159988000,
    "incomeBeforeTaxRatio": 0.301479291,
    "incomeTaxExpense": 88867000,
    "netIncome": 1071121000,
    "netIncomeRatio": 0.2783828795,
    "eps": 0.751,
    "epsdiluted": 0.7410000000000001,
    "weightedAverageShsOut": 1426760000,
    "weightedAverageShsOutDil": 1446090000,
    "link": "https://www.sec.gov/Archives/edgar/data/707549/000070754921000089/0000707549-21-000089-index.htm",
    "finalLink": "https://www.sec.gov/Archives/edgar/data/707549/000070754921000089/lrcx-20210328.htm"
  },
  {
    "date": "2020-12-27",
    "symbol": "LRCX",
    "reportedCurrency": "USD",
    "cik": "0000707549",
    "fillingDate": "2021-02-02",
    "acceptedDate": "2021-02-02 16:03:10",
    "calendarYear": "2021",
    "period": "Q2",
    "revenue": 3456237000,
    "costOfRevenue": 1852442000,
    "grossProfit": 1603795000,
    "grossProfitRatio": 0.4640292318,
    "researchAndDevelopmentExpenses": 375172000,
    "generalAndAdministrativeExpenses": 0,
    "sellingAndMarketingExpenses": 0,
    "sellingGeneralAndAdministrativeExpenses": 218899000,
    "otherExpenses": -29941000,
    "operatingExpenses": 594071000,
    "costAndExpenses": 2446513000,
    "interestIncome": 4796000,
    "interestExpense": 52551000,
    "depreciationAndAmortization": 76389000,
    "ebitda": 1086113000,
    "ebitdaratio": 0.3142472579,
    "operatingIncome": 1009724000,
    "operatingIncomeRatio": 0.292145475,
    "totalOtherIncomeExpensesNet": -29941000,
    "incomeBeforeTax": 979783000,
    "incomeBeforeTaxRatio": 0.2834825853,
    "incomeTaxExpense": 110554000,
    "netIncome": 869229000,
    "netIncomeRatio": 0.2514957742,
    "eps": 0.6040000000000001,
    "epsdiluted": 0.596,
    "weightedAverageShsOut": 1438300000,
    "weightedAverageShsOutDil": 1459100000,
    "link": "https://www.sec.gov/Archives/edgar/data/707549/000070754921000017/0000707549-21-000017-index.htm",
    "finalLink": "https://www.sec.gov/Archives/edgar/data/707549/000070754921000017/lrcx-20201227.htm"
  },
  {
    "date": "2020-09-27",
    "symbol": "LRCX",
    "reportedCurrency": "USD",
    "cik": "0000707549",
    "fillingDate": "2020-10-27",
    "acceptedDate": "2020-10-27 16:04:03",
    "calendarYear": "2021",
    "period": "Q1",
    "revenue": 3177080000,
    "costOfRevenue": 1670901000,
    "grossProfit": 1506179000,
    "grossProfitRatio": 0.4740765105,
    "researchAndDevelopmentExpenses": 355367000,
    "generalAndAdministrativeExpenses": 0,
    "sellingAndMarketingExpenses": 0,
    "sellingGeneralAndAdministrativeExpenses": 189748000,
    "otherExpenses": -38792000,
    "operatingExpenses": 545115000,
    "costAndExpenses": 2216016000,
    "interestIncome": 6959000,
    "interestExpense": 52115000,
    "depreciationAndAmortization": 72912000,
    "ebitda": 1033976000,
    "ebitdaratio": 0.3254485251,
    "operatingIncome": 961064000,
    "operatingIncomeRatio": 0.3024991502,
    "totalOtherIncomeExpensesNet": -38792000,
    "incomeBeforeTax": 922272000,
    "incomeBeforeTaxRatio": 0.2902891964,
    "incomeTaxExpense": 98821000,
    "netIncome": 823451000,
    "netIncomeRatio": 0.259184849,
    "eps": 0.5670000000000001,
    "epsdiluted": 0.559,
    "weightedAverageShsOut": 1452670000,
    "weightedAverageShsOutDil": 1472480000,
    "link": "https://www.sec.gov/Archives/edgar/data/707549/000070754920000173/0000707549-20-000173-index.htm",
    "finalLink": "https://www.sec.gov/Archives/edgar/data/707549/000070754920000173/lrcx-20200927.htm"
  },
  {
    "date": "2020-06-28",
    "symbol": "LRCX",
    "reportedCurrency": "USD",
    "cik": "0000707549",
    "fillingDate": "2020-08-18",
    "acceptedDate": "2020-08-18 16:30:43",
    "calendarYear": "2020",
    "period": "Q4",
    "revenue": 2791864000,
    "costOfRevenue": 1511532000,
    "grossProfit": 1280332000,
    "grossProfitRatio": 0.4585939716,
    "researchAndDevelopmentExpenses": 338810000,
    "generalAndAdministrativeExpenses": 0,
    "sellingAndMarketingExpenses": 0,
    "sellingGeneralAndAdministrativeExpenses": 185800000,
    "otherExpenses": -7553000,
    "operatingExpenses": 524610000,
    "costAndExpenses": 2036142000,
    "interestIncome": 9339000,
    "interestExpense": 49250000,
    "depreciationAndAmortization": 71083000,
    "ebitda": 826805000,
    "ebitdaratio": 0.2961480215,
    "operatingIncome": 755722000,
    "operatingIncomeRatio": 0.2706872541,
    "totalOtherIncomeExpensesNet": -7553000,
    "incomeBeforeTax": 748169000,
    "incomeBeforeTaxRatio": 0.2679818931,
    "incomeTaxExpense": 51496000,
    "netIncome": 696673000,
    "netIncomeRatio": 0.2495368686,
    "eps": 0.47900000000000004,
    "epsdiluted": 0.4730000000000001,
    "weightedAverageShsOut": 1452950000,
    "weightedAverageShsOutDil": 1474160000,
    "link": "https://www.sec.gov/Archives/edgar/data/707549/000070754920000138/0000707549-20-000138-index.htm",
    "finalLink": "https://www.sec.gov/Archives/edgar/data/707549/000070754920000138/lrcx10k2020document.htm"
  },
  {
    "date": "2020-03-29",
    "symbol": "LRCX",
    "reportedCurrency": "USD",
    "cik": "0000707549",
    "fillingDate": "2020-04-28",
    "acceptedDate": "2020-04-28 16:07:41",
    "calendarYear": "2020",
    "period": "Q3",
    "revenue": 2503625000,
    "costOfRevenue": 1336618000,
    "grossProfit": 1167007000,
    "grossProfitRatio": 0.466126916,
    "researchAndDevelopmentExpenses": 307914000,
    "generalAndAdministrativeExpenses": 0,
    "sellingAndMarketingExpenses": 0,
    "sellingGeneralAndAdministrativeExpenses": 164979000,
    "otherExpenses": -64619000,
    "operatingExpenses": 472893000,
    "costAndExpenses": 1809511000,
    "interestIncome": 18856000,
    "interestExpense": 41580000,
    "depreciationAndAmortization": 67248000,
    "ebitda": 761362000,
    "ebitdaratio": 0.3041038494,
    "operatingIncome": 694114000,
    "operatingIncomeRatio": 0.2772435968,
    "totalOtherIncomeExpensesNet": -64619000,
    "incomeBeforeTax": 629495000,
    "incomeBeforeTaxRatio": 0.2514334215,
    "incomeTaxExpense": 54714000,
    "netIncome": 574781000,
    "netIncomeRatio": 0.2295795097,
    "eps": 0.396,
    "epsdiluted": 0.388,
    "weightedAverageShsOut": 1453010000,
    "weightedAverageShsOutDil": 1481650000,
    "link": "https://www.sec.gov/Archives/edgar/data/707549/000070754920000081/0000707549-20-000081-index.htm",
    "finalLink": "https://www.sec.gov/Archives/edgar/data/707549/000070754920000081/lrcx10q3q2020document.htm"
  },
  {
    "date": "2019-12-29",
    "symbol": "LRCX",
    "reportedCurrency": "USD",
    "cik": "0000707549",
    "fillingDate": "2020-02-04",
    "acceptedDate": "2020-02-04 16:09:12",
    "calendarYear": "2020",
    "period": "Q2",
    "revenue": 2583501000,
    "costOfRevenue": 1403857000,
    "grossProfit": 1179644000,
    "grossProfitRatio": 0.4566067518,
    "researchAndDevelopmentExpenses": 318861000,
    "generalAndAdministrativeExpenses": 0,
    "sellingAndMarketingExpenses": 0,
    "sellingGeneralAndAdministrativeExpenses": 174272000,
    "otherExpenses": -13924000,
    "operatingExpenses": 493133000,
    "costAndExpenses": 1896990000,
    "interestIncome": 25454000,
    "interestExpense": 42615000,
    "depreciationAndAmortization": 65530000,
    "ebitda": 752041000,
    "ebitdaratio": 0.2910937522,
    "operatingIncome": 686511000,
    "operatingIncomeRatio": 0.2657289469,
    "totalOtherIncomeExpensesNet": -13924000,
    "incomeBeforeTax": 672587000,
    "incomeBeforeTaxRatio": 0.2603393612,
    "incomeTaxExpense": 158077000,
    "netIncome": 514510000,
    "netIncomeRatio": 0.1991522357,
    "eps": 0.357,
    "epsdiluted": 0.343,
    "weightedAverageShsOut": 1439870000,
    "weightedAverageShsOutDil": 1500970000,
    "link": "https://www.sec.gov/Archives/edgar/data/707549/000070754920000020/0000707549-20-000020-index.htm",
    "finalLink": "https://www.sec.gov/Archives/edgar/data/707549/000070754920000020/lrcx10q2q2020document.htm"
  },
  {
    "date": "2019-09-29",
    "symbol": "LRCX",
    "reportedCurrency": "USD",
    "cik": "0000707549",
    "fillingDate": "2019-10-29",
    "acceptedDate": "2019-10-29 16:06:30",
    "calendarYear": "2020",
    "period": "Q1",
    "revenue": 2165746000,
    "costOfRevenue": 1184036000,
    "grossProfit": 981710000,
    "grossProfitRatio": 0.4532895363,
    "researchAndDevelopmentExpenses": 286827000,
    "generalAndAdministrativeExpenses": 0,
    "sellingAndMarketingExpenses": 0,
    "sellingGeneralAndAdministrativeExpenses": 157428000,
    "otherExpenses": -12728000,
    "operatingExpenses": 444255000,
    "costAndExpenses": 1628291000,
    "interestIncome": 31784000,
    "interestExpense": 43995000,
    "depreciationAndAmortization": 64664000,
    "ebitda": 602119000,
    "ebitdaratio": 0.2780192137,
    "operatingIncome": 537455000,
    "operatingIncomeRatio": 0.2481616034,
    "totalOtherIncomeExpensesNet": -12728000,
    "incomeBeforeTax": 524727000,
    "incomeBeforeTaxRatio": 0.2422846446,
    "incomeTaxExpense": 58938000,
    "netIncome": 465789000,
    "netIncomeRatio": 0.2150709271,
    "eps": 0.32200000000000006,
    "epsdiluted": 0.309,
    "weightedAverageShsOut": 1446730000,
    "weightedAverageShsOutDil": 1506820000,
    "link": "https://www.sec.gov/Archives/edgar/data/707549/000070754919000163/0000707549-19-000163-index.htm",
    "finalLink": "https://www.sec.gov/Archives/edgar/data/707549/000070754919000163/lrcx10q1q2020document.htm"
  },
  {
    "date": "2019-06-30",
    "symbol": "LRCX",
    "reportedCurrency": "USD",
    "cik": "0000707549",
    "fillingDate": "2019-08-20",
    "acceptedDate": "2019-08-20 16:15:59",
    "calendarYear": "2019",
    "period": "Q4",
    "revenue": 2361147000,
    "costOfRevenue": 1280256000,
    "grossProfit": 1080891000,
    "grossProfitRatio": 0.4577821711,
    "researchAndDevelopmentExpenses": 295578000,
    "generalAndAdministrativeExpenses": 0,
    "sellingAndMarketingExpenses": 0,
    "sellingGeneralAndAdministrativeExpenses": 168228000,
    "otherExpenses": -7667000,
    "operatingExpenses": 463806000,
    "costAndExpenses": 1744062000,
    "interestIncome": 35062000,
    "interestExpense": 45428000,
    "depreciationAndAmortization": 65408000,
    "ebitda": 682493000,
    "ebitdaratio": 0.2890514652,
    "operatingIncome": 617085000,
    "operatingIncomeRatio": 0.2613496745,
    "totalOtherIncomeExpensesNet": -7667000,
    "incomeBeforeTax": 609418000,
    "incomeBeforeTaxRatio": 0.2581025239,
    "incomeTaxExpense": 67593000,
    "netIncome": 541825000,
    "netIncomeRatio": 0.2294753355,
    "eps": 0.3660000000000001,
    "epsdiluted": 0.351,
    "weightedAverageShsOut": 1481310000,
    "weightedAverageShsOutDil": 1544740000,
    "link": "https://www.sec.gov/Archives/edgar/data/707549/000070754919000124/0000707549-19-000124-index.htm",
    "finalLink": "https://www.sec.gov/Archives/edgar/data/707549/000070754919000124/lrcx10k2019document.htm"
  },
  {
    "date": "2019-03-31",
    "symbol": "LRCX",
    "reportedCurrency": "USD",
    "cik": "0000707549",
    "fillingDate": "2019-04-30",
    "acceptedDate": "2019-04-30 16:38:29",
    "calendarYear": "2019",
    "period": "Q3",
    "revenue": 2439048000,
    "costOfRevenue": 1364711000,
    "grossProfit": 1074337000,
    "grossProfitRatio": 0.4404739062,
    "researchAndDevelopmentExpenses": 318514000,
    "generalAndAdministrativeExpenses": 0,
    "sellingAndMarketingExpenses": 0,
    "sellingGeneralAndAdministrativeExpenses": 190306000,
    "otherExpenses": 20532000,
    "operatingExpenses": 508820000,
    "costAndExpenses": 1873531000,
    "interestIncome": 26966000,
    "interestExpense": 30263000,
    "depreciationAndAmortization": 82274000,
    "ebitda": 647791000,
    "ebitdaratio": 0.2655917391,
    "operatingIncome": 565517000,
    "operatingIncomeRatio": 0.2318597256,
    "totalOtherIncomeExpensesNet": 20532000,
    "incomeBeforeTax": 586049000,
    "incomeBeforeTaxRatio": 0.2402777641,
    "incomeTaxExpense": 38659000,
    "netIncome": 547390000,
    "netIncomeRatio": 0.2244277275,
    "eps": 0.3620000000000001,
    "epsdiluted": 0.34700000000000003,
    "weightedAverageShsOut": 1512010000,
    "weightedAverageShsOutDil": 1578490000,
    "link": "https://www.sec.gov/Archives/edgar/data/707549/000070754919000078/0000707549-19-000078-index.htm",
    "finalLink": "https://www.sec.gov/Archives/edgar/data/707549/000070754919000078/lrcx10q3q2019document.htm"
  },
  {
    "date": "2018-12-23",
    "symbol": "LRCX",
    "reportedCurrency": "USD",
    "cik": "0000707549",
    "fillingDate": "2019-01-30",
    "acceptedDate": "2019-01-30 16:06:54",
    "calendarYear": "2019",
    "period": "Q2",
    "revenue": 2522673000,
    "costOfRevenue": 1377640000,
    "grossProfit": 1145033000,
    "grossProfitRatio": 0.4538967199,
    "researchAndDevelopmentExpenses": 285556000,
    "generalAndAdministrativeExpenses": 0,
    "sellingAndMarketingExpenses": 0,
    "sellingGeneralAndAdministrativeExpenses": 169098000,
    "otherExpenses": -30649000,
    "operatingExpenses": 454654000,
    "costAndExpenses": 1832294000,
    "interestIncome": 17809000,
    "interestExpense": 19784000,
    "depreciationAndAmortization": 81794000,
    "ebitda": 772173000,
    "ebitdaratio": 0.3060931797,
    "operatingIncome": 690379000,
    "operatingIncomeRatio": 0.2736696353,
    "totalOtherIncomeExpensesNet": -30649000,
    "incomeBeforeTax": 659730000,
    "incomeBeforeTaxRatio": 0.2615202208,
    "incomeTaxExpense": 90875000,
    "netIncome": 568855000,
    "netIncomeRatio": 0.2254969233,
    "eps": 0.367,
    "epsdiluted": 0.351,
    "weightedAverageShsOut": 1550220000,
    "weightedAverageShsOutDil": 1621700000,
    "link": "https://www.sec.gov/Archives/edgar/data/707549/000070754919000008/0000707549-19-000008-index.htm",
    "finalLink": "https://www.sec.gov/Archives/edgar/data/707549/000070754919000008/lrcx10q2q2019document.htm"
  },
  {
    "date": "2018-09-23",
    "symbol": "LRCX",
    "reportedCurrency": "USD",
    "cik": "0000707549",
    "fillingDate": "2018-10-23",
    "acceptedDate": "2018-10-23 17:30:20",
    "calendarYear": "2019",
    "period": "Q1",
    "revenue": 2330691000,
    "costOfRevenue": 1272493000,
    "grossProfit": 1058198000,
    "grossProfitRatio": 0.4540275824,
    "researchAndDevelopmentExpenses": 291672000,
    "generalAndAdministrativeExpenses": 0,
    "sellingAndMarketingExpenses": 0,
    "sellingGeneralAndAdministrativeExpenses": 174775000,
    "otherExpenses": -377000,
    "operatingExpenses": 466447000,
    "costAndExpenses": 1738940000,
    "interestIncome": 18933000,
    "interestExpense": 21788000,
    "depreciationAndAmortization": 79805000,
    "ebitda": 671556000,
    "ebitdaratio": 0.2881360077,
    "operatingIncome": 591751000,
    "operatingIncomeRatio": 0.2538950895,
    "totalOtherIncomeExpensesNet": -377000,
    "incomeBeforeTax": 591374000,
    "incomeBeforeTaxRatio": 0.2537333349,
    "incomeTaxExpense": 58014000,
    "netIncome": 533360000,
    "netIncomeRatio": 0.2288420044,
    "eps": 0.343,
    "epsdiluted": 0.323,
    "weightedAverageShsOut": 1556580000,
    "weightedAverageShsOutDil": 1653270000,
    "link": "https://www.sec.gov/Archives/edgar/data/707549/000070754918000125/0000707549-18-000125-index.htm",
    "finalLink": "https://www.sec.gov/Archives/edgar/data/707549/000070754918000125/lrcx10q1q2019document.htm"
  },
  {
    "date": "2018-06-24",
    "symbol": "LRCX",
    "reportedCurrency": "USD",
    "cik": "0000707549",
    "fillingDate": "2018-08-14",
    "acceptedDate": "2018-08-14 16:18:51",
    "calendarYear": "2018",
    "period": "Q4",
    "revenue": 3125928000,
    "costOfRevenue": 1646520000,
    "grossProfit": 1479408000,
    "grossProfitRatio": 0.4732700177,
    "researchAndDevelopmentExpenses": 327713000,
    "generalAndAdministrativeExpenses": 0,
    "sellingAndMarketingExpenses": 0,
    "sellingGeneralAndAdministrativeExpenses": 196500000,
    "otherExpenses": 2954000,
    "operatingExpenses": 524213000,
    "costAndExpenses": 2170733000,
    "interestIncome": 23265000,
    "interestExpense": 24431000,
    "depreciationAndAmortization": 85119000,
    "ebitda": 1043214000,
    "ebitdaratio": 0.3328016512,
    "operatingIncome": 955195000,
    "operatingIncomeRatio": 0.3055716574,
    "totalOtherIncomeExpensesNet": 2954000,
    "incomeBeforeTax": 958149000,
    "incomeBeforeTaxRatio": 0.3065166568,
    "incomeTaxExpense": -62997000,
    "netIncome": 1021146000,
    "netIncomeRatio": 0.3266697122,
    "eps": 0.635,
    "epsdiluted": 0.5820000000000001,
    "weightedAverageShsOut": 1609160000,
    "weightedAverageShsOutDil": 1754320000,
    "link": "https://www.sec.gov/Archives/edgar/data/707549/000070754918000115/0000707549-18-000115-index.htm",
    "finalLink": "https://www.sec.gov/Archives/edgar/data/707549/000070754918000115/lrcx_10kx2018xdocument.htm"
  },
  {
    "date": "2018-03-25",
    "symbol": "LRCX",
    "reportedCurrency": "USD",
    "cik": "0000707549",
    "fillingDate": "2018-04-24",
    "acceptedDate": "2018-04-24 16:09:13",
    "calendarYear": "2018",
    "period": "Q3",
    "revenue": 2892115000,
    "costOfRevenue": 1561401000,
    "grossProfit": 1330714000,
    "grossProfitRatio": 0.4601179414,
    "researchAndDevelopmentExpenses": 305412000,
    "generalAndAdministrativeExpenses": 0,
    "sellingAndMarketingExpenses": 0,
    "sellingGeneralAndAdministrativeExpenses": 197791000,
    "otherExpenses": -55810000,
    "operatingExpenses": 503203000,
    "costAndExpenses": 2064604000,
    "interestIncome": 21761000,
    "interestExpense": 25734000,
    "depreciationAndAmortization": 82236000,
    "ebitda": 909747000,
    "ebitdaratio": 0.314561143,
    "operatingIncome": 827511000,
    "operatingIncomeRatio": 0.286126589,
    "totalOtherIncomeExpensesNet": -55810000,
    "incomeBeforeTax": 771701000,
    "incomeBeforeTaxRatio": 0.2668292927,
    "incomeTaxExpense": -7099000,
    "netIncome": 778800000,
    "netIncomeRatio": 0.2692838978,
    "eps": 0.48,
    "epsdiluted": 0.43300000000000005,
    "weightedAverageShsOut": 1623780000,
    "weightedAverageShsOutDil": 1797790000,
    "link": "https://www.sec.gov/Archives/edgar/data/707549/000070754918000084/0000707549-18-000084-index.htm",
    "finalLink": "https://www.sec.gov/Archives/edgar/data/707549/000070754918000084/lrcx_10qx3qx2018xdocument.htm"
  },
  {
    "date": "2017-12-24",
    "symbol": "LRCX",
    "reportedCurrency": "USD",
    "cik": "0000707549",
    "fillingDate": "2018-01-30",
    "acceptedDate": "2018-01-30 17:17:36",
    "calendarYear": "2018",
    "period": "Q2",
    "revenue": 2580815000,
    "costOfRevenue": 1375248000,
    "grossProfit": 1205567000,
    "grossProfitRatio": 0.4671264697,
    "researchAndDevelopmentExpenses": 281311000,
    "generalAndAdministrativeExpenses": 0,
    "sellingAndMarketingExpenses": 0,
    "sellingGeneralAndAdministrativeExpenses": 186885000,
    "otherExpenses": -3152000,
    "operatingExpenses": 468196000,
    "costAndExpenses": 1843444000,
    "interestIncome": 20578000,
    "interestExpense": 23317000,
    "depreciationAndAmortization": 79898000,
    "ebitda": 823343000,
    "ebitdaratio": 0.3166708966,
    "operatingIncome": 737371000,
    "operatingIncomeRatio": 0.285712459,
    "totalOtherIncomeExpensesNet": -3152000,
    "incomeBeforeTax": 734219000,
    "incomeBeforeTaxRatio": 0.2844911394,
    "incomeTaxExpense": 744174000,
    "netIncome": -9955000,
    "netIncomeRatio": -0.0038573086,
    "eps": -0.0061800000000000015,
    "epsdiluted": -0.0061800000000000015,
    "weightedAverageShsOut": 1611350000,
    "weightedAverageShsOutDil": 1611350000,
    "link": "https://www.sec.gov/Archives/edgar/data/707549/000070754918000016/0000707549-18-000016-index.htm",
    "finalLink": "https://www.sec.gov/Archives/edgar/data/707549/000070754918000016/lrcx_10qx2qx2018xdocument.htm"
  },
  {
    "date": "2017-09-24",
    "symbol": "LRCX",
    "reportedCurrency": "USD",
    "cik": "0000707549",
    "fillingDate": "2017-10-23",
    "acceptedDate": "2017-10-23 16:27:13",
    "calendarYear": "2018",
    "period": "Q1",
    "revenue": 2478140000,
    "costOfRevenue": 1328797000,
    "grossProfit": 1149343000,
    "grossProfitRatio": 0.4637926025,
    "researchAndDevelopmentExpenses": 275078000,
    "generalAndAdministrativeExpenses": 0,
    "sellingAndMarketingExpenses": 0,
    "sellingGeneralAndAdministrativeExpenses": 181043000,
    "otherExpenses": -5502000,
    "operatingExpenses": 456121000,
    "costAndExpenses": 1784918000,
    "interestIncome": 20209000,
    "interestExpense": 23905000,
    "depreciationAndAmortization": 79142000,
    "ebitda": 772364000,
    "ebitdaratio": 0.3116708499,
    "operatingIncome": 693222000,
    "operatingIncomeRatio": 0.2797348011,
    "totalOtherIncomeExpensesNet": -5502000,
    "incomeBeforeTax": 687720000,
    "incomeBeforeTaxRatio": 0.2775145876,
    "incomeTaxExpense": 97030000,
    "netIncome": 590690000,
    "netIncomeRatio": 0.2383602218,
    "eps": 0.3640000000000001,
    "epsdiluted": 0.321,
    "weightedAverageShsOut": 1621410000,
    "weightedAverageShsOutDil": 1838800000,
    "link": "https://www.sec.gov/Archives/edgar/data/707549/000070754917000139/0000707549-17-000139-index.htm",
    "finalLink": "https://www.sec.gov/Archives/edgar/data/707549/000070754917000139/lrcx_10qx1qx2018xdocument.htm"
  },
  {
    "date": "2017-06-25",
    "symbol": "LRCX",
    "reportedCurrency": "USD",
    "cik": "0000707549",
    "fillingDate": "2017-08-15",
    "acceptedDate": "2017-08-15 16:08:17",
    "calendarYear": "2017",
    "period": "Q4",
    "revenue": 2344907000,
    "costOfRevenue": 1275946000,
    "grossProfit": 1068961000,
    "grossProfitRatio": 0.4558649874,
    "researchAndDevelopmentExpenses": 285712000,
    "generalAndAdministrativeExpenses": 0,
    "sellingAndMarketingExpenses": 0,
    "sellingGeneralAndAdministrativeExpenses": 175310000,
    "otherExpenses": -4444000,
    "operatingExpenses": 461022000,
    "costAndExpenses": 1736968000,
    "interestIncome": 17805000,
    "interestExpense": 24912000,
    "depreciationAndAmortization": 79036000,
    "ebitda": 696775000,
    "ebitdaratio": 0.2929647103,
    "operatingIncome": 607939000,
    "operatingIncomeRatio": 0.2592593224,
    "totalOtherIncomeExpensesNet": -4444000,
    "incomeBeforeTax": 603495000,
    "incomeBeforeTaxRatio": 0.2573641513,
    "incomeTaxExpense": 77071000,
    "netIncome": 526424000,
    "netIncomeRatio": 0.2244967498,
    "eps": 0.325,
    "epsdiluted": 0.282,
    "weightedAverageShsOut": 1622130000,
    "weightedAverageShsOutDil": 1864270000,
    "link": "https://www.sec.gov/Archives/edgar/data/707549/000070754917000100/0000707549-17-000100-index.htm",
    "finalLink": "https://www.sec.gov/Archives/edgar/data/707549/000070754917000100/lrcx_10kx2017xdocument.htm"
  },
  {
    "date": "2017-03-26",
    "symbol": "LRCX",
    "reportedCurrency": "USD",
    "cik": "0000707549",
    "fillingDate": "2017-04-24",
    "acceptedDate": "2017-04-24 16:27:41",
    "calendarYear": "2017",
    "period": "Q3",
    "revenue": 2153995000,
    "costOfRevenue": 1182591000,
    "grossProfit": 971404000,
    "grossProfitRatio": 0.4509778342,
    "researchAndDevelopmentExpenses": 265986000,
    "generalAndAdministrativeExpenses": 0,
    "sellingAndMarketingExpenses": 0,
    "sellingGeneralAndAdministrativeExpenses": 167000000,
    "otherExpenses": -7838000,
    "operatingExpenses": 432986000,
    "costAndExpenses": 1615577000,
    "interestIncome": 16345000,
    "interestExpense": 24752000,
    "depreciationAndAmortization": 76242000,
    "ebitda": 614660000,
    "ebitdaratio": 0.2853581369,
    "operatingIncome": 538418000,
    "operatingIncomeRatio": 0.2499625115,
    "totalOtherIncomeExpensesNet": -7838000,
    "incomeBeforeTax": 530580000,
    "incomeBeforeTaxRatio": 0.2463236916,
    "incomeTaxExpense": -44133000,
    "netIncome": 574713000,
    "netIncomeRatio": 0.2668125971,
    "eps": 0.3520000000000001,
    "epsdiluted": 0.31000000000000005,
    "weightedAverageShsOut": 1634080000,
    "weightedAverageShsOutDil": 1850940000,
    "link": "https://www.sec.gov/Archives/edgar/data/707549/000070754917000056/0000707549-17-000056-index.htm",
    "finalLink": "https://www.sec.gov/Archives/edgar/data/707549/000070754917000056/lrcx_10qx3qx2017xdocument.htm"
  },
  {
    "date": "2016-12-25",
    "symbol": "LRCX",
    "reportedCurrency": "USD",
    "cik": "0000707549",
    "fillingDate": "2017-01-30",
    "acceptedDate": "2017-01-30 16:15:34",
    "calendarYear": "2017",
    "period": "Q2",
    "revenue": 1882299000,
    "costOfRevenue": 1035502000,
    "grossProfit": 846797000,
    "grossProfitRatio": 0.4498737979,
    "researchAndDevelopmentExpenses": 246804000,
    "generalAndAdministrativeExpenses": 0,
    "sellingAndMarketingExpenses": 0,
    "sellingGeneralAndAdministrativeExpenses": 160165000,
    "otherExpenses": -55023000,
    "operatingExpenses": 406969000,
    "costAndExpenses": 1442471000,
    "interestIncome": 10945000,
    "interestExpense": 26641000,
    "depreciationAndAmortization": 77065000,
    "ebitda": 516893000,
    "ebitdaratio": 0.2746072755,
    "operatingIncome": 439828000,
    "operatingIncomeRatio": 0.233665321,
    "totalOtherIncomeExpensesNet": -55023000,
    "incomeBeforeTax": 384805000,
    "incomeBeforeTaxRatio": 0.2044335145,
    "incomeTaxExpense": 52014000,
    "netIncome": 332791000,
    "netIncomeRatio": 0.1768002852,
    "eps": 0.205,
    "epsdiluted": 0.18100000000000005,
    "weightedAverageShsOut": 1626590000,
    "weightedAverageShsOutDil": 1835430000,
    "link": "https://www.sec.gov/Archives/edgar/data/707549/000070754917000010/0000707549-17-000010-index.htm",
    "finalLink": "https://www.sec.gov/Archives/edgar/data/707549/000070754917000010/lrcx_10qx2qx2017xdocument.htm"
  },
  {
    "date": "2016-09-25",
    "symbol": "LRCX",
    "reportedCurrency": "USD",
    "cik": "0000707549",
    "fillingDate": "2016-10-25",
    "acceptedDate": "2016-10-24 19:57:45",
    "calendarYear": "2017",
    "period": "Q1",
    "revenue": 1632419000,
    "costOfRevenue": 916222000,
    "grossProfit": 716197000,
    "grossProfitRatio": 0.4387335604,
    "researchAndDevelopmentExpenses": 235240000,
    "generalAndAdministrativeExpenses": 0,
    "sellingAndMarketingExpenses": 0,
    "sellingGeneralAndAdministrativeExpenses": 165010000,
    "otherExpenses": -23154000,
    "operatingExpenses": 400250000,
    "costAndExpenses": 1316472000,
    "interestIncome": 12763000,
    "interestExpense": 41429000,
    "depreciationAndAmortization": 74562000,
    "ebitda": 390509000,
    "ebitdaratio": 0.2392210578,
    "operatingIncome": 315947000,
    "operatingIncomeRatio": 0.1935452846,
    "totalOtherIncomeExpensesNet": -23154000,
    "incomeBeforeTax": 292793000,
    "incomeBeforeTaxRatio": 0.1793614262,
    "incomeTaxExpense": 28958000,
    "netIncome": 263835000,
    "netIncomeRatio": 0.161622108,
    "eps": 0.16400000000000003,
    "epsdiluted": 0.147,
    "weightedAverageShsOut": 1606070000,
    "weightedAverageShsOutDil": 1800170000,
    "link": "https://www.sec.gov/Archives/edgar/data/707549/000070754916000085/0000707549-16-000085-index.htm",
    "finalLink": "https://www.sec.gov/Archives/edgar/data/707549/000070754916000085/lrcx_10qx1qx2017xdocument.htm"
  },
  {
    "date": "2016-06-26",
    "symbol": "LRCX",
    "reportedCurrency": "USD",
    "cik": "0000707549",
    "fillingDate": "2016-08-17",
    "acceptedDate": "2016-08-16 19:26:13",
    "calendarYear": "2016",
    "period": "Q4",
    "revenue": 1546261000,
    "costOfRevenue": 847477000,
    "grossProfit": 698784000,
    "grossProfitRatio": 0.4519185312,
    "researchAndDevelopmentExpenses": 237255000,
    "generalAndAdministrativeExpenses": 0,
    "sellingAndMarketingExpenses": 0,
    "sellingGeneralAndAdministrativeExpenses": 152288000,
    "otherExpenses": -27249000,
    "operatingExpenses": 389543000,
    "costAndExpenses": 1237020000,
    "interestIncome": 8875000,
    "interestExpense": 33479000,
    "depreciationAndAmortization": 74976000,
    "ebitda": 435217000,
    "ebitdaratio": 0.2484813366,
    "operatingIncome": 309241000,
    "operatingIncomeRatio": 0.1999927567,
    "totalOtherIncomeExpensesNet": -27249000,
    "incomeBeforeTax": 281992000,
    "incomeBeforeTaxRatio": 0.1823702467,
    "incomeTaxExpense": 23053000,
    "netIncome": 258939000,
    "netIncomeRatio": 0.1674613794,
    "eps": 0.16200000000000003,
    "epsdiluted": 0.146,
    "weightedAverageShsOut": 1598620000,
    "weightedAverageShsOutDil": 1776490000,
    "link": "https://www.sec.gov/Archives/edgar/data/707549/000070754916000050/0000707549-16-000050-index.htm",
    "finalLink": "https://www.sec.gov/Archives/edgar/data/707549/000070754916000050/lrcx_10kx2016xdocument.htm"
  },
  {
    "date": "2016-03-27",
    "symbol": "LRCX",
    "reportedCurrency": "USD",
    "cik": "0000707549",
    "fillingDate": "2016-04-25",
    "acceptedDate": "2016-04-25 16:14:26",
    "calendarYear": "2016",
    "period": "Q3",
    "revenue": 1314055000,
    "costOfRevenue": 742790000,
    "grossProfit": 571265000,
    "grossProfitRatio": 0.434734467,
    "researchAndDevelopmentExpenses": 221494000,
    "generalAndAdministrativeExpenses": 0,
    "sellingAndMarketingExpenses": 0,
    "sellingGeneralAndAdministrativeExpenses": 159018000,
    "otherExpenses": -29834000,
    "operatingExpenses": 380512000,
    "costAndExpenses": 1123302000,
    "interestIncome": 8148000,
    "interestExpense": 38056000,
    "depreciationAndAmortization": 73664000,
    "ebitda": 264417000,
    "ebitdaratio": 0.2012221711,
    "operatingIncome": 190753000,
    "operatingIncomeRatio": 0.1451636347,
    "totalOtherIncomeExpensesNet": -29834000,
    "incomeBeforeTax": 160919000,
    "incomeBeforeTaxRatio": 0.1224598666,
    "incomeTaxExpense": 17468000,
    "netIncome": 143451000,
    "netIncomeRatio": 0.1091666635,
    "eps": 0.09000000000000002,
    "epsdiluted": 0.08200000000000002,
    "weightedAverageShsOut": 1590390000,
    "weightedAverageShsOutDil": 1743730000,
    "link": "https://www.sec.gov/Archives/edgar/data/707549/000070754916000014/0000707549-16-000014-index.htm",
    "finalLink": "https://www.sec.gov/Archives/edgar/data/707549/000070754916000014/lrcx_10qx3qxdocument.htm"
  },
  {
    "date": "2015-12-27",
    "symbol": "LRCX",
    "reportedCurrency": "USD",
    "cik": "0000707549",
    "fillingDate": "2016-02-03",
    "acceptedDate": "2016-02-03 16:18:11",
    "calendarYear": "2016",
    "period": "Q2",
    "revenue": 1425534000,
    "costOfRevenue": 799024000,
    "grossProfit": 626510000,
    "grossProfitRatio": 0.4394914467,
    "researchAndDevelopmentExpenses": 220754000,
    "generalAndAdministrativeExpenses": 0,
    "sellingAndMarketingExpenses": 0,
    "sellingGeneralAndAdministrativeExpenses": 166922000,
    "otherExpenses": -29935000,
    "operatingExpenses": 387676000,
    "costAndExpenses": 1186700000,
    "interestIncome": 6729000,
    "interestExpense": 38577000,
    "depreciationAndAmortization": 71798000,
    "ebitda": 310632000,
    "ebitdaratio": 0.2179057111,
    "operatingIncome": 238834000,
    "operatingIncomeRatio": 0.1675400236,
    "totalOtherIncomeExpensesNet": -29935000,
    "incomeBeforeTax": 208899000,
    "incomeBeforeTaxRatio": 0.1465408752,
    "incomeTaxExpense": -14081000,
    "netIncome": 222980000,
    "netIncomeRatio": 0.1564185772,
    "eps": 0.141,
    "epsdiluted": 0.128,
    "weightedAverageShsOut": 1584240000,
    "weightedAverageShsOutDil": 1742420000,
    "link": "https://www.sec.gov/Archives/edgar/data/707549/000162828016010687/0001628280-16-010687-index.htm",
    "finalLink": "https://www.sec.gov/Archives/edgar/data/707549/000162828016010687/lrcx_10qx2qxdocument.htm"
  },
  {
    "date": "2015-09-27",
    "symbol": "LRCX",
    "reportedCurrency": "USD",
    "cik": "0000707549",
    "fillingDate": "2015-11-03",
    "acceptedDate": "2015-11-03 16:46:41",
    "calendarYear": "2016",
    "period": "Q1",
    "revenue": 1600043000,
    "costOfRevenue": 877680000,
    "grossProfit": 722363000,
    "grossProfitRatio": 0.4514647419,
    "researchAndDevelopmentExpenses": 234209000,
    "generalAndAdministrativeExpenses": 0,
    "sellingAndMarketingExpenses": 0,
    "sellingGeneralAndAdministrativeExpenses": 152726000,
    "otherExpenses": -27121000,
    "operatingExpenses": 386935000,
    "costAndExpenses": 1264615000,
    "interestIncome": 5760000,
    "interestExpense": 24661000,
    "depreciationAndAmortization": 70590000,
    "ebitda": 406018000,
    "ebitdaratio": 0.2537544303,
    "operatingIncome": 335428000,
    "operatingIncomeRatio": 0.209636866,
    "totalOtherIncomeExpensesNet": -27121000,
    "incomeBeforeTax": 308307000,
    "incomeBeforeTaxRatio": 0.1926866965,
    "incomeTaxExpense": 19628000,
    "netIncome": 288679000,
    "netIncomeRatio": 0.1804195262,
    "eps": 0.18200000000000005,
    "epsdiluted": 0.16600000000000004,
    "weightedAverageShsOut": 1583520000,
    "weightedAverageShsOutDil": 1743740000,
    "link": "https://www.sec.gov/Archives/edgar/data/707549/000119312515364406/0001193125-15-364406-index.htm",
    "finalLink": "https://www.sec.gov/Archives/edgar/data/707549/000119312515364406/d15431d10q.htm"
  },
  {
    "date": "2015-06-28",
    "symbol": "LRCX",
    "reportedCurrency": "USD",
    "cik": "0000707549",
    "fillingDate": "2015-08-13",
    "acceptedDate": "2015-08-13 16:16:15",
    "calendarYear": "2015",
    "period": "Q4",
    "revenue": 1481370000,
    "costOfRevenue": 839832000,
    "grossProfit": 641538000,
    "grossProfitRatio": 0.4330707386,
    "researchAndDevelopmentExpenses": 221675000,
    "generalAndAdministrativeExpenses": 0,
    "sellingAndMarketingExpenses": 0,
    "sellingGeneralAndAdministrativeExpenses": 149384000,
    "otherExpenses": -20353000,
    "operatingExpenses": 371059000,
    "costAndExpenses": 1210891000,
    "interestIncome": 6856000,
    "interestExpense": 24553000,
    "depreciationAndAmortization": 70177000,
    "ebitda": 350477000,
    "ebitdaratio": 0.2835888401,
    "operatingIncome": 191035000,
    "operatingIncomeRatio": 0.1289583291,
    "totalOtherIncomeExpensesNet": -20353000,
    "incomeBeforeTax": 170682000,
    "incomeBeforeTaxRatio": 0.1152190202,
    "incomeTaxExpense": 39411000,
    "netIncome": 131271000,
    "netIncomeRatio": 0.0886145932,
    "eps": 0.08300000000000002,
    "epsdiluted": 0.074,
    "weightedAverageShsOut": 1585900000,
    "weightedAverageShsOutDil": 1765750000,
    "link": "https://www.sec.gov/Archives/edgar/data/707549/000119312515290023/0001193125-15-290023-index.htm",
    "finalLink": "https://www.sec.gov/Archives/edgar/data/707549/000119312515290023/d937085d10k.htm"
  },
  {
    "date": "2015-03-29",
    "symbol": "LRCX",
    "reportedCurrency": "USD",
    "cik": "0000707549",
    "fillingDate": "2015-04-30",
    "acceptedDate": "2015-04-30 16:18:11",
    "calendarYear": "2015",
    "period": "Q3",
    "revenue": 1393333000,
    "costOfRevenue": 792731000,
    "grossProfit": 600602000,
    "grossProfitRatio": 0.4310541701,
    "researchAndDevelopmentExpenses": 217865000,
    "generalAndAdministrativeExpenses": 0,
    "sellingAndMarketingExpenses": 0,
    "sellingGeneralAndAdministrativeExpenses": 142772000,
    "otherExpenses": -11389000,
    "operatingExpenses": 360637000,
    "costAndExpenses": 1153368000,
    "interestIncome": 5100000,
    "interestExpense": 17628000,
    "depreciationAndAmortization": 70322000,
    "ebitda": 310287000,
    "ebitdaratio": 0.2226940724,
    "operatingIncome": 239965000,
    "operatingIncomeRatio": 0.1722237254,
    "totalOtherIncomeExpensesNet": -11389000,
    "incomeBeforeTax": 228576000,
    "incomeBeforeTaxRatio": 0.1640498,
    "incomeTaxExpense": 22291000,
    "netIncome": 206285000,
    "netIncomeRatio": 0.1480514708,
    "eps": 0.13,
    "epsdiluted": 0.11599999999999999,
    "weightedAverageShsOut": 1589920000,
    "weightedAverageShsOutDil": 1775310000,
    "link": "https://www.sec.gov/Archives/edgar/data/707549/000119312515161955/0001193125-15-161955-index.htm",
    "finalLink": "https://www.sec.gov/Archives/edgar/data/707549/000119312515161955/d892728d10q.htm"
  },
  {
    "date": "2014-12-28",
    "symbol": "LRCX",
    "reportedCurrency": "USD",
    "cik": "0000707549",
    "fillingDate": "2015-02-03",
    "acceptedDate": "2015-02-03 16:02:36",
    "calendarYear": "2015",
    "period": "Q2",
    "revenue": 1232241000,
    "costOfRevenue": 695584000,
    "grossProfit": 536657000,
    "grossProfitRatio": 0.4355130206,
    "researchAndDevelopmentExpenses": 196768000,
    "generalAndAdministrativeExpenses": 0,
    "sellingAndMarketingExpenses": 0,
    "sellingGeneralAndAdministrativeExpenses": 151148000,
    "otherExpenses": -9799000,
    "operatingExpenses": 347916000,
    "costAndExpenses": 1043500000,
    "interestIncome": 4024000,
    "interestExpense": 15797000,
    "depreciationAndAmortization": 69536000,
    "ebitda": 258277000,
    "ebitdaratio": 0.2095994209,
    "operatingIncome": 188741000,
    "operatingIncomeRatio": 0.1531689012,
    "totalOtherIncomeExpensesNet": -9799000,
    "incomeBeforeTax": 178942000,
    "incomeBeforeTaxRatio": 0.145216723,
    "incomeTaxExpense": 2002000,
    "netIncome": 176940000,
    "netIncomeRatio": 0.1435920408,
    "eps": 0.11100000000000002,
    "epsdiluted": 0.1,
    "weightedAverageShsOut": 1592480000,
    "weightedAverageShsOutDil": 1770460000,
    "link": "https://www.sec.gov/Archives/edgar/data/707549/000119312515031451/0001193125-15-031451-index.htm",
    "finalLink": "https://www.sec.gov/Archives/edgar/data/707549/000119312515031451/d819463d10q.htm"
  },
  {
    "date": "2014-09-28",
    "symbol": "LRCX",
    "reportedCurrency": "USD",
    "cik": "0000707549",
    "fillingDate": "2014-11-03",
    "acceptedDate": "2014-11-03 16:03:39",
    "calendarYear": "2015",
    "period": "Q1",
    "revenue": 1152368000,
    "costOfRevenue": 646829000,
    "grossProfit": 505539000,
    "grossProfitRatio": 0.4386957986,
    "researchAndDevelopmentExpenses": 188934000,
    "generalAndAdministrativeExpenses": 0,
    "sellingAndMarketingExpenses": 0,
    "sellingGeneralAndAdministrativeExpenses": 148307000,
    "otherExpenses": -5648000,
    "operatingExpenses": 337241000,
    "costAndExpenses": 984070000,
    "interestIncome": 3288000,
    "interestExpense": 15704000,
    "depreciationAndAmortization": 67885000,
    "ebitda": 236183000,
    "ebitdaratio": 0.2049544937,
    "operatingIncome": 168298000,
    "operatingIncomeRatio": 0.1460453605,
    "totalOtherIncomeExpensesNet": -5648000,
    "incomeBeforeTax": 162650000,
    "incomeBeforeTaxRatio": 0.1411441484,
    "incomeTaxExpense": 21569000,
    "netIncome": 141081000,
    "netIncomeRatio": 0.1224270372,
    "eps": 0.08700000000000002,
    "epsdiluted": 0.08000000000000002,
    "weightedAverageShsOut": 1616850000,
    "weightedAverageShsOutDil": 1771180000,
    "link": "https://www.sec.gov/Archives/edgar/data/707549/000119312514394018/0001193125-14-394018-index.htm",
    "finalLink": "https://www.sec.gov/Archives/edgar/data/707549/000119312514394018/d789413d10q.htm"
  },
  {
    "date": "2014-06-29",
    "symbol": "LRCX",
    "reportedCurrency": "USD",
    "cik": "0000707549",
    "fillingDate": "2014-08-26",
    "acceptedDate": "2014-08-26 17:02:02",
    "calendarYear": "2014",
    "period": "Q4",
    "revenue": 1248797000,
    "costOfRevenue": 691761000,
    "grossProfit": 557036000,
    "grossProfitRatio": 0.4460580863,
    "researchAndDevelopmentExpenses": 185449000,
    "generalAndAdministrativeExpenses": 0,
    "sellingAndMarketingExpenses": 0,
    "sellingGeneralAndAdministrativeExpenses": 155737000,
    "otherExpenses": -9442000,
    "operatingExpenses": 341186000,
    "costAndExpenses": 1032947000,
    "interestIncome": 3879000,
    "interestExpense": 15472000,
    "depreciationAndAmortization": 71115000,
    "ebitda": 269965000,
    "ebitdaratio": 0.1632571187,
    "operatingIncome": 215850000,
    "operatingIncomeRatio": 0.1728463473,
    "totalOtherIncomeExpensesNet": 73648000,
    "incomeBeforeTax": 289498000,
    "incomeBeforeTaxRatio": 0.231821505,
    "incomeTaxExpense": 56103000,
    "netIncome": 233395000,
    "netIncomeRatio": 0.1868958686,
    "eps": 0.144,
    "epsdiluted": 0.135,
    "weightedAverageShsOut": 1622150000,
    "weightedAverageShsOutDil": 1733450000,
    "link": "https://www.sec.gov/Archives/edgar/data/707549/000119312514321759/0001193125-14-321759-index.htm",
    "finalLink": "https://www.sec.gov/Archives/edgar/data/707549/000119312514321759/d741932d10k.htm"
  },
  {
    "date": "2014-03-30",
    "symbol": "LRCX",
    "reportedCurrency": "USD",
    "cik": "0000707549",
    "fillingDate": "2014-05-08",
    "acceptedDate": "2014-05-08 16:14:45",
    "calendarYear": "2014",
    "period": "Q3",
    "revenue": 1227392000,
    "costOfRevenue": 696594000,
    "grossProfit": 530798000,
    "grossProfitRatio": 0.4324600454,
    "researchAndDevelopmentExpenses": 185978000,
    "generalAndAdministrativeExpenses": 0,
    "sellingAndMarketingExpenses": 0,
    "sellingGeneralAndAdministrativeExpenses": 152883000,
    "otherExpenses": -9855000,
    "operatingExpenses": 338861000,
    "costAndExpenses": 1035455000,
    "interestIncome": 3110000,
    "interestExpense": 15621000,
    "depreciationAndAmortization": 73256000,
    "ebitda": 271193000,
    "ebitdaratio": 0.2160621871,
    "operatingIncome": 191937000,
    "operatingIncomeRatio": 0.1563779135,
    "totalOtherIncomeExpensesNet": -9855000,
    "incomeBeforeTax": 182082000,
    "incomeBeforeTaxRatio": 0.1483486938,
    "incomeTaxExpense": 17686000,
    "netIncome": 164396000,
    "netIncomeRatio": 0.1339392794,
    "eps": 0.101,
    "epsdiluted": 0.096,
    "weightedAverageShsOut": 1622380000,
    "weightedAverageShsOutDil": 1716360000,
    "link": "https://www.sec.gov/Archives/edgar/data/707549/000119312514190001/0001193125-14-190001-index.htm",
    "finalLink": "https://www.sec.gov/Archives/edgar/data/707549/000119312514190001/d696529d10q.htm"
  },
  {
    "date": "2013-12-29",
    "symbol": "LRCX",
    "reportedCurrency": "USD",
    "cik": "0000707549",
    "fillingDate": "2014-02-06",
    "acceptedDate": "2014-02-06 16:11:34",
    "calendarYear": "2014",
    "period": "Q2",
    "revenue": 1116061000,
    "costOfRevenue": 628272000,
    "grossProfit": 487789000,
    "grossProfitRatio": 0.4370630279,
    "researchAndDevelopmentExpenses": 174477000,
    "generalAndAdministrativeExpenses": 0,
    "sellingAndMarketingExpenses": 0,
    "sellingGeneralAndAdministrativeExpenses": 148838000,
    "otherExpenses": -3837000,
    "operatingExpenses": 323315000,
    "costAndExpenses": 951587000,
    "interestIncome": 2828000,
    "interestExpense": 15297000,
    "depreciationAndAmortization": 73552000,
    "ebitda": 238026000,
    "ebitdaratio": 0.2132732888,
    "operatingIncome": 164474000,
    "operatingIncomeRatio": 0.147370081,
    "totalOtherIncomeExpensesNet": -3837000,
    "incomeBeforeTax": 160637000,
    "incomeBeforeTaxRatio": 0.1439320969,
    "incomeTaxExpense": 11645000,
    "netIncome": 148992000,
    "netIncomeRatio": 0.1334980794,
    "eps": 0.09200000000000003,
    "epsdiluted": 0.08700000000000002,
    "weightedAverageShsOut": 1623050000,
    "weightedAverageShsOutDil": 1717570000,
    "link": "https://www.sec.gov/Archives/edgar/data/707549/000119312514038822/0001193125-14-038822-index.htm",
    "finalLink": "https://www.sec.gov/Archives/edgar/data/707549/000119312514038822/d643492d10q.htm"
  },
  {
    "date": "2013-09-29",
    "symbol": "LRCX",
    "reportedCurrency": "USD",
    "cik": "0000707549",
    "fillingDate": "2013-11-07",
    "acceptedDate": "2013-11-07 16:09:27",
    "calendarYear": "2014",
    "period": "Q1",
    "revenue": 1015059000,
    "costOfRevenue": 583201000,
    "grossProfit": 431858000,
    "grossProfitRatio": 0.4254511314,
    "researchAndDevelopmentExpenses": 170567000,
    "generalAndAdministrativeExpenses": 0,
    "sellingAndMarketingExpenses": 0,
    "sellingGeneralAndAdministrativeExpenses": 155883000,
    "otherExpenses": -14262000,
    "operatingExpenses": 326450000,
    "costAndExpenses": 909651000,
    "interestIncome": 2723000,
    "interestExpense": 15302000,
    "depreciationAndAmortization": 74331000,
    "ebitda": 186743000,
    "ebitdaratio": 0.1770724657,
    "operatingIncome": 105408000,
    "operatingIncomeRatio": 0.10384421,
    "totalOtherIncomeExpensesNet": -14262000,
    "incomeBeforeTax": 91146000,
    "incomeBeforeTaxRatio": 0.0897937952,
    "incomeTaxExpense": 5640000,
    "netIncome": 85506000,
    "netIncomeRatio": 0.084237468,
    "eps": 0.052000000000000005,
    "epsdiluted": 0.05,
    "weightedAverageShsOut": 1628960000,
    "weightedAverageShsOutDil": 1713630000,
    "link": "https://www.sec.gov/Archives/edgar/data/707549/000119312513432804/0001193125-13-432804-index.htm",
    "finalLink": "https://www.sec.gov/Archives/edgar/data/707549/000119312513432804/d603827d10q.htm"
  },
  {
    "date": "2013-06-30",
    "symbol": "LRCX",
    "reportedCurrency": "USD",
    "cik": "0000707549",
    "fillingDate": "2013-08-27",
    "acceptedDate": "2013-08-27 16:11:24",
    "calendarYear": "2013",
    "period": "Q4",
    "revenue": 986214000,
    "costOfRevenue": 572287000,
    "grossProfit": 413927000,
    "grossProfitRatio": 0.4197131657,
    "researchAndDevelopmentExpenses": 180220000,
    "generalAndAdministrativeExpenses": 0,
    "sellingAndMarketingExpenses": 0,
    "sellingGeneralAndAdministrativeExpenses": 146417000,
    "otherExpenses": -12251000,
    "operatingExpenses": 326637000,
    "costAndExpenses": 898924000,
    "interestIncome": 3326000,
    "interestExpense": 15114000,
    "depreciationAndAmortization": 76051000,
    "ebitda": 165412000,
    "ebitdaratio": 0.1664273677,
    "operatingIncome": 86498000,
    "operatingIncomeRatio": 0.0877071305,
    "totalOtherIncomeExpensesNet": -12251000,
    "incomeBeforeTax": 74247000,
    "incomeBeforeTaxRatio": 0.0752848773,
    "incomeTaxExpense": -11460000,
    "netIncome": 85707000,
    "netIncomeRatio": 0.0869050733,
    "eps": 0.053000000000000005,
    "epsdiluted": 0.05,
    "weightedAverageShsOut": 1625200000,
    "weightedAverageShsOutDil": 1697220000,
    "link": "https://www.sec.gov/Archives/edgar/data/707549/000119312513348269/0001193125-13-348269-index.htm",
    "finalLink": "https://www.sec.gov/Archives/edgar/data/707549/000119312513348269/d556924d10k.htm"
  },
  {
    "date": "2013-03-31",
    "symbol": "LRCX",
    "reportedCurrency": "USD",
    "cik": "0000707549",
    "fillingDate": "2013-05-09",
    "acceptedDate": "2013-05-09 16:55:36",
    "calendarYear": "2013",
    "period": "Q3",
    "revenue": 844928000,
    "costOfRevenue": 505096000,
    "grossProfit": 339832000,
    "grossProfitRatio": 0.4022023178,
    "researchAndDevelopmentExpenses": 174206000,
    "generalAndAdministrativeExpenses": 0,
    "sellingAndMarketingExpenses": 0,
    "sellingGeneralAndAdministrativeExpenses": 154807000,
    "otherExpenses": -15834000,
    "operatingExpenses": 329013000,
    "costAndExpenses": 834109000,
    "interestIncome": 3235000,
    "interestExpense": 15175000,
    "depreciationAndAmortization": 74861000,
    "ebitda": 85021000,
    "ebitdaratio": 0.1014050901,
    "operatingIncome": 10819000,
    "operatingIncomeRatio": 0.0128046413,
    "totalOtherIncomeExpensesNet": -15834000,
    "incomeBeforeTax": -5015000,
    "incomeBeforeTaxRatio": -0.005935417,
    "incomeTaxExpense": -24011000,
    "netIncome": 18996000,
    "netIncomeRatio": 0.022482389,
    "eps": 0.012,
    "epsdiluted": 0.011000000000000003,
    "weightedAverageShsOut": 1630340000,
    "weightedAverageShsOutDil": 1685040000,
    "link": "https://www.sec.gov/Archives/edgar/data/707549/000119312513211314/0001193125-13-211314-index.htm",
    "finalLink": "https://www.sec.gov/Archives/edgar/data/707549/000119312513211314/d508952d10q.htm"
  },
  {
    "date": "2012-12-23",
    "symbol": "LRCX",
    "reportedCurrency": "USD",
    "cik": "0000707549",
    "fillingDate": "2013-01-31",
    "acceptedDate": "2013-01-31 16:22:26",
    "calendarYear": "2013",
    "period": "Q2",
    "revenue": 860886000,
    "costOfRevenue": 545472000,
    "grossProfit": 315414000,
    "grossProfitRatio": 0.3663830054,
    "researchAndDevelopmentExpenses": 165951000,
    "generalAndAdministrativeExpenses": 0,
    "sellingAndMarketingExpenses": 0,
    "sellingGeneralAndAdministrativeExpenses": 144400000,
    "otherExpenses": -13390000,
    "operatingExpenses": 310351000,
    "costAndExpenses": 855823000,
    "interestIncome": 4376000,
    "interestExpense": 14975000,
    "depreciationAndAmortization": 78388000,
    "ebitda": 84015000,
    "ebitdaratio": 0.0981221672,
    "operatingIncome": 4042000,
    "operatingIncomeRatio": 0.0046951629,
    "totalOtherIncomeExpensesNet": -13390000,
    "incomeBeforeTax": -9348000,
    "incomeBeforeTaxRatio": -0.0108585806,
    "incomeTaxExpense": -15756000,
    "netIncome": 6408000,
    "netIncomeRatio": 0.0074434943,
    "eps": 0.004,
    "epsdiluted": 0.004,
    "weightedAverageShsOut": 1706990000,
    "weightedAverageShsOutDil": 1730270000,
    "link": "https://www.sec.gov/Archives/edgar/data/707549/000119312513032553/0001193125-13-032553-index.htm",
    "finalLink": "https://www.sec.gov/Archives/edgar/data/707549/000119312513032553/d445167d10q.htm"
  },
  {
    "date": "2012-09-23",
    "symbol": "LRCX",
    "reportedCurrency": "USD",
    "cik": "0000707549",
    "fillingDate": "2012-11-01",
    "acceptedDate": "2012-11-01 16:47:32",
    "calendarYear": "2013",
    "period": "Q1",
    "revenue": 906888000,
    "costOfRevenue": 573002000,
    "grossProfit": 333886000,
    "grossProfitRatio": 0.3681667416,
    "researchAndDevelopmentExpenses": 163311000,
    "generalAndAdministrativeExpenses": 0,
    "sellingAndMarketingExpenses": 0,
    "sellingGeneralAndAdministrativeExpenses": 153863000,
    "otherExpenses": -9938000,
    "operatingExpenses": 317174000,
    "costAndExpenses": 890176000,
    "interestIncome": 3800000,
    "interestExpense": 15144000,
    "depreciationAndAmortization": 74816000,
    "ebitda": 96734000,
    "ebitdaratio": 0.1009253623,
    "operatingIncome": 16712000,
    "operatingIncomeRatio": 0.0184278544,
    "totalOtherIncomeExpensesNet": -9938000,
    "incomeBeforeTax": 6774000,
    "incomeBeforeTaxRatio": 0.0074695001,
    "incomeTaxExpense": 4006000,
    "netIncome": 2768000,
    "netIncomeRatio": 0.0030521961,
    "eps": 0.002,
    "epsdiluted": 0.002,
    "weightedAverageShsOut": 1799280000,
    "weightedAverageShsOutDil": 1819260000,
    "link": "https://www.sec.gov/Archives/edgar/data/707549/000119312512446748/0001193125-12-446748-index.htm",
    "finalLink": "https://www.sec.gov/Archives/edgar/data/707549/000119312512446748/d413418d10q.htm"
  },
  {
    "date": "2012-06-24",
    "symbol": "LRCX",
    "reportedCurrency": "USD",
    "cik": "0000707549",
    "fillingDate": "2012-08-22",
    "acceptedDate": "2012-08-22 17:01:37",
    "calendarYear": "2012",
    "period": "Q4",
    "revenue": 741814000,
    "costOfRevenue": 443601000,
    "grossProfit": 298213000,
    "grossProfitRatio": 0.4020050848,
    "researchAndDevelopmentExpenses": 124528000,
    "generalAndAdministrativeExpenses": 0,
    "sellingAndMarketingExpenses": 0,
    "sellingGeneralAndAdministrativeExpenses": 141015000,
    "otherExpenses": -9889000,
    "operatingExpenses": 265543000,
    "costAndExpenses": 709144000,
    "interestIncome": 4121000,
    "interestExpense": 10934000,
    "depreciationAndAmortization": 34576000,
    "ebitda": 68291000,
    "ebitdaratio": 0.0906507561,
    "operatingIncome": 32670000,
    "operatingIncomeRatio": 0.0440406894,
    "totalOtherIncomeExpensesNet": -9889000,
    "incomeBeforeTax": 22781000,
    "incomeBeforeTaxRatio": 0.0307098545,
    "incomeTaxExpense": 4712000,
    "netIncome": 18069000,
    "netIncomeRatio": 0.0243578579,
    "eps": 0.013000000000000001,
    "epsdiluted": 0.013000000000000001,
    "weightedAverageShsOut": 1339970000,
    "weightedAverageShsOutDil": 1358420000,
    "link": "https://www.sec.gov/Archives/edgar/data/707549/000119312512365446/0001193125-12-365446-index.htm",
    "finalLink": "https://www.sec.gov/Archives/edgar/data/707549/000119312512365446/d365655d10k.htm"
  },
  {
    "date": "2012-03-25",
    "symbol": "LRCX",
    "reportedCurrency": "USD",
    "cik": "0000707549",
    "fillingDate": "2012-05-03",
    "acceptedDate": "2012-05-03 16:08:16",
    "calendarYear": "2012",
    "period": "Q3",
    "revenue": 658961000,
    "costOfRevenue": 391814000,
    "grossProfit": 267147000,
    "grossProfitRatio": 0.4054063898,
    "researchAndDevelopmentExpenses": 113448000,
    "generalAndAdministrativeExpenses": 0,
    "sellingAndMarketingExpenses": 0,
    "sellingGeneralAndAdministrativeExpenses": 95581000,
    "otherExpenses": 0,
    "operatingExpenses": 209029000,
    "costAndExpenses": 600843000,
    "interestIncome": 2959000,
    "interestExpense": 9422000,
    "depreciationAndAmortization": 22517000,
    "ebitda": 86489000,
    "ebitdaratio": 0.127781462,
    "operatingIncome": 58118000,
    "operatingIncomeRatio": 0.0881964183,
    "totalOtherIncomeExpensesNet": -3568000,
    "incomeBeforeTax": 54550000,
    "incomeBeforeTaxRatio": 0.0827818338,
    "incomeTaxExpense": 8946000,
    "netIncome": 45604000,
    "netIncomeRatio": 0.0692059166,
    "eps": 0.038000000000000006,
    "epsdiluted": 0.038000000000000006,
    "weightedAverageShsOut": 1198410000,
    "weightedAverageShsOutDil": 1209560000,
    "link": "https://www.sec.gov/Archives/edgar/data/707549/000119312512208438/0001193125-12-208438-index.htm",
    "finalLink": "https://www.sec.gov/Archives/edgar/data/707549/000119312512208438/d316295d10q.htm"
  },
  {
    "date": "2011-12-25",
    "symbol": "LRCX",
    "reportedCurrency": "USD",
    "cik": "0000707549",
    "fillingDate": "2012-02-03",
    "acceptedDate": "2012-02-03 16:07:18",
    "calendarYear": "2012",
    "period": "Q2",
    "revenue": 583981000,
    "costOfRevenue": 349155000,
    "grossProfit": 234826000,
    "grossProfitRatio": 0.4021123975,
    "researchAndDevelopmentExpenses": 104024000,
    "generalAndAdministrativeExpenses": 0,
    "sellingAndMarketingExpenses": 0,
    "sellingGeneralAndAdministrativeExpenses": 83256000,
    "otherExpenses": 0,
    "operatingExpenses": 187280000,
    "costAndExpenses": 536435000,
    "interestIncome": 2472000,
    "interestExpense": 9346000,
    "depreciationAndAmortization": 22372000,
    "ebitda": 71479000,
    "ebitdaratio": 0.1330574111,
    "operatingIncome": 47546000,
    "operatingIncomeRatio": 0.0814170324,
    "totalOtherIncomeExpensesNet": -7785000,
    "incomeBeforeTax": 39761000,
    "incomeBeforeTaxRatio": 0.0680861192,
    "incomeTaxExpense": 6549000,
    "netIncome": 33212000,
    "netIncomeRatio": 0.0568717133,
    "eps": 0.028000000000000004,
    "epsdiluted": 0.027000000000000003,
    "weightedAverageShsOut": 1197390000,
    "weightedAverageShsOutDil": 1208730000,
    "link": "https://www.sec.gov/Archives/edgar/data/707549/000119312512038815/0001193125-12-038815-index.htm",
    "finalLink": "https://www.sec.gov/Archives/edgar/data/707549/000119312512038815/d260189d10q.htm"
  },
  {
    "date": "2011-09-25",
    "symbol": "LRCX",
    "reportedCurrency": "USD",
    "cik": "0000707549",
    "fillingDate": "2011-11-03",
    "acceptedDate": "2011-11-03 16:32:21",
    "calendarYear": "2012",
    "period": "Q1",
    "revenue": 680436000,
    "costOfRevenue": 396553000,
    "grossProfit": 283883000,
    "grossProfitRatio": 0.4172074964,
    "researchAndDevelopmentExpenses": 102559000,
    "generalAndAdministrativeExpenses": 0,
    "sellingAndMarketingExpenses": 0,
    "sellingGeneralAndAdministrativeExpenses": 80200000,
    "otherExpenses": 1725000,
    "operatingExpenses": 182759000,
    "costAndExpenses": 579312000,
    "interestIncome": 2589000,
    "interestExpense": 9260000,
    "depreciationAndAmortization": 21360000,
    "ebitda": 117946000,
    "ebitdaratio": 0.200286287,
    "operatingIncome": 99399000,
    "operatingIncomeRatio": 0.1460813361,
    "totalOtherIncomeExpensesNet": -12073000,
    "incomeBeforeTax": 87326000,
    "incomeBeforeTaxRatio": 0.1283383007,
    "incomeTaxExpense": 15488000,
    "netIncome": 71838000,
    "netIncomeRatio": 0.1055764245,
    "eps": 0.057999999999999996,
    "epsdiluted": 0.057999999999999996,
    "weightedAverageShsOut": 1231300000,
    "weightedAverageShsOutDil": 1240490000,
    "link": "https://www.sec.gov/Archives/edgar/data/707549/000119312511295210/0001193125-11-295210-index.htm",
    "finalLink": "https://www.sec.gov/Archives/edgar/data/707549/000119312511295210/d227033d10q.htm"
  },
  {
    "date": "2011-06-26",
    "symbol": "LRCX",
    "reportedCurrency": "USD",
    "cik": "0000707549",
    "fillingDate": "2011-08-19",
    "acceptedDate": "2011-08-19 17:10:36",
    "calendarYear": "2011",
    "period": "Q4",
    "revenue": 752018000,
    "costOfRevenue": 413564000,
    "grossProfit": 338454000,
    "grossProfitRatio": 0.4500610358,
    "researchAndDevelopmentExpenses": 99583000,
    "generalAndAdministrativeExpenses": 0,
    "sellingAndMarketingExpenses": 0,
    "sellingGeneralAndAdministrativeExpenses": 79938000,
    "otherExpenses": 11579000,
    "operatingExpenses": 179521000,
    "costAndExpenses": 593085000,
    "interestIncome": 3491000,
    "interestExpense": 5062000,
    "depreciationAndAmortization": 19972000,
    "ebitda": 162094000,
    "ebitdaratio": 0.2425420668,
    "operatingIncome": 142191000,
    "operatingIncomeRatio": 0.1890792508,
    "totalOtherIncomeExpensesNet": -5131000,
    "incomeBeforeTax": 137060000,
    "incomeBeforeTaxRatio": 0.1822562758,
    "incomeTaxExpense": 11132000,
    "netIncome": 125928000,
    "netIncomeRatio": 0.1674534386,
    "eps": 0.101,
    "epsdiluted": 0.101,
    "weightedAverageShsOut": 1236700000,
    "weightedAverageShsOutDil": 1251000000,
    "link": "https://www.sec.gov/Archives/edgar/data/707549/000119312511227691/0001193125-11-227691-index.htm",
    "finalLink": "https://www.sec.gov/Archives/edgar/data/707549/000119312511227691/d10k.htm"
  },
  {
    "date": "2011-03-27",
    "symbol": "LRCX",
    "reportedCurrency": "USD",
    "cik": "0000707549",
    "fillingDate": "2011-05-03",
    "acceptedDate": "2011-05-03 16:05:18",
    "calendarYear": "2011",
    "period": "Q3",
    "revenue": 809087000,
    "costOfRevenue": 435068000,
    "grossProfit": 374019000,
    "grossProfitRatio": 0.4622729076,
    "researchAndDevelopmentExpenses": 96880000,
    "generalAndAdministrativeExpenses": 0,
    "sellingAndMarketingExpenses": 0,
    "sellingGeneralAndAdministrativeExpenses": 80143000,
    "otherExpenses": 0,
    "operatingExpenses": 177023000,
    "costAndExpenses": 612091000,
    "interestIncome": 4457000,
    "interestExpense": 107000,
    "depreciationAndAmortization": 18176000,
    "ebitda": 216942000,
    "ebitdaratio": 0.2638888031,
    "operatingIncome": 196996000,
    "operatingIncomeRatio": 0.2434793786,
    "totalOtherIncomeExpensesNet": 1663000,
    "incomeBeforeTax": 198659000,
    "incomeBeforeTaxRatio": 0.2455347818,
    "incomeTaxExpense": 16419000,
    "netIncome": 182240000,
    "netIncomeRatio": 0.2252415377,
    "eps": 0.147,
    "epsdiluted": 0.145,
    "weightedAverageShsOut": 1236740000,
    "weightedAverageShsOutDil": 1252930000,
    "link": "https://www.sec.gov/Archives/edgar/data/707549/000119312511123917/0001193125-11-123917-index.htm",
    "finalLink": "https://www.sec.gov/Archives/edgar/data/707549/000119312511123917/d10q.htm"
  },
  {
    "date": "2010-12-26",
    "symbol": "LRCX",
    "reportedCurrency": "USD",
    "cik": "0000707549",
    "fillingDate": "2011-02-03",
    "acceptedDate": "2011-02-03 15:39:21",
    "calendarYear": "2011",
    "period": "Q2",
    "revenue": 870714000,
    "costOfRevenue": 463281000,
    "grossProfit": 407433000,
    "grossProfitRatio": 0.467929768,
    "researchAndDevelopmentExpenses": 90477000,
    "generalAndAdministrativeExpenses": 0,
    "sellingAndMarketingExpenses": 0,
    "sellingGeneralAndAdministrativeExpenses": 75852000,
    "otherExpenses": 0,
    "operatingExpenses": 166329000,
    "costAndExpenses": 629610000,
    "interestIncome": 4548000,
    "interestExpense": 110000,
    "depreciationAndAmortization": 18663000,
    "ebitda": 260915000,
    "ebitdaratio": 0.2757116573,
    "operatingIncome": 241104000,
    "operatingIncomeRatio": 0.2769037824,
    "totalOtherIncomeExpensesNet": 1038000,
    "incomeBeforeTax": 242142000,
    "incomeBeforeTaxRatio": 0.2780959075,
    "incomeTaxExpense": 20286000,
    "netIncome": 221856000,
    "netIncomeRatio": 0.2547977866,
    "eps": 0.18000000000000005,
    "epsdiluted": 0.17800000000000005,
    "weightedAverageShsOut": 1231010000,
    "weightedAverageShsOutDil": 1247860000,
    "link": "https://www.sec.gov/Archives/edgar/data/707549/000119312511023102/0001193125-11-023102-index.htm",
    "finalLink": "https://www.sec.gov/Archives/edgar/data/707549/000119312511023102/d10q.htm"
  },
  {
    "date": "2010-09-26",
    "symbol": "LRCX",
    "reportedCurrency": "USD",
    "cik": "0000707549",
    "fillingDate": "2010-11-03",
    "acceptedDate": "2010-11-03 16:36:09",
    "calendarYear": "2011",
    "period": "Q1",
    "revenue": 805874000,
    "costOfRevenue": 428548000,
    "grossProfit": 377326000,
    "grossProfitRatio": 0.4682195976,
    "researchAndDevelopmentExpenses": 86353000,
    "generalAndAdministrativeExpenses": 0,
    "sellingAndMarketingExpenses": 0,
    "sellingGeneralAndAdministrativeExpenses": 72142000,
    "otherExpenses": 0,
    "operatingExpenses": 158495000,
    "costAndExpenses": 587043000,
    "interestIncome": 3076000,
    "interestExpense": 101000,
    "depreciationAndAmortization": 17948000,
    "ebitda": 241064000,
    "ebitdaratio": 0.2976333769,
    "operatingIncome": 223994000,
    "operatingIncomeRatio": 0.2779516401,
    "totalOtherIncomeExpensesNet": -979000,
    "incomeBeforeTax": 223015000,
    "incomeBeforeTaxRatio": 0.27673681,
    "incomeTaxExpense": 29291000,
    "netIncome": 193724000,
    "netIncomeRatio": 0.2403899369,
    "eps": 0.15700000000000003,
    "epsdiluted": 0.15500000000000003,
    "weightedAverageShsOut": 1236650000,
    "weightedAverageShsOutDil": 1252020000,
    "link": "https://www.sec.gov/Archives/edgar/data/707549/000119312510246215/0001193125-10-246215-index.htm",
    "finalLink": "https://www.sec.gov/Archives/edgar/data/707549/000119312510246215/d10q.htm"
  },
  {
    "date": "2010-06-27",
    "symbol": "LRCX",
    "reportedCurrency": "USD",
    "cik": "0000707549",
    "fillingDate": "2010-08-23",
    "acceptedDate": "2010-08-20 18:37:58",
    "calendarYear": "2010",
    "period": "Q4",
    "revenue": 695289000,
    "costOfRevenue": 378199000,
    "grossProfit": 317090000,
    "grossProfitRatio": 0.4560549642,
    "researchAndDevelopmentExpenses": 85644000,
    "generalAndAdministrativeExpenses": 52119000,
    "sellingAndMarketingExpenses": -23930000,
    "sellingGeneralAndAdministrativeExpenses": 28189000,
    "otherExpenses": 34238000,
    "operatingExpenses": 148071000,
    "costAndExpenses": 526270000,
    "interestIncome": 1679000,
    "interestExpense": 126000,
    "depreciationAndAmortization": 17664000,
    "ebitda": 177048000,
    "ebitdaratio": 0.2709118079,
    "operatingIncome": 155717000,
    "operatingIncomeRatio": 0.2239601087,
    "totalOtherIncomeExpensesNet": 3541000,
    "incomeBeforeTax": 159258000,
    "incomeBeforeTaxRatio": 0.229052955,
    "incomeTaxExpense": 19261000,
    "netIncome": 139997000,
    "netIncomeRatio": 0.2013508052,
    "eps": 0.11000000000000001,
    "epsdiluted": 0.11000000000000001,
    "weightedAverageShsOut": 1263510000,
    "weightedAverageShsOutDil": 1278000000,
    "link": "https://www.sec.gov/Archives/edgar/data/707549/000119312510194304/0001193125-10-194304-index.htm",
    "finalLink": "https://www.sec.gov/Archives/edgar/data/707549/000119312510194304/d10k.htm"
  },
  {
    "date": "2010-03-28",
    "symbol": "LRCX",
    "reportedCurrency": "USD",
    "cik": "0000707549",
    "fillingDate": "2010-05-05",
    "acceptedDate": "2010-05-05 17:27:13",
    "calendarYear": "2010",
    "period": "Q3",
    "revenue": 632763000,
    "costOfRevenue": 339892000,
    "grossProfit": 292871000,
    "grossProfitRatio": 0.4628446986,
    "researchAndDevelopmentExpenses": 81845000,
    "generalAndAdministrativeExpenses": 0,
    "sellingAndMarketingExpenses": 0,
    "sellingGeneralAndAdministrativeExpenses": 61933000,
    "otherExpenses": 0,
    "operatingExpenses": 143778000,
    "costAndExpenses": 483670000,
    "interestIncome": 2863000,
    "interestExpense": 434000,
    "depreciationAndAmortization": 17872000,
    "ebitda": 169015000,
    "ebitdaratio": 0.2613126874,
    "operatingIncome": 149093000,
    "operatingIncomeRatio": 0.235622184,
    "totalOtherIncomeExpensesNet": 1616000,
    "incomeBeforeTax": 150709000,
    "incomeBeforeTaxRatio": 0.2381760628,
    "incomeTaxExpense": 30408000,
    "netIncome": 120301000,
    "netIncomeRatio": 0.1901201556,
    "eps": 0.094,
    "epsdiluted": 0.094,
    "weightedAverageShsOut": 1273070000,
    "weightedAverageShsOutDil": 1285870000,
    "link": "https://www.sec.gov/Archives/edgar/data/707549/000119312510109158/0001193125-10-109158-index.htm",
    "finalLink": "https://www.sec.gov/Archives/edgar/data/707549/000119312510109158/d10q.htm"
  },
  {
    "date": "2009-12-27",
    "symbol": "LRCX",
    "reportedCurrency": "USD",
    "cik": "0000707549",
    "fillingDate": "2010-02-05",
    "acceptedDate": "2010-02-04 18:25:52",
    "calendarYear": "2010",
    "period": "Q2",
    "revenue": 487176000,
    "costOfRevenue": 263972000,
    "grossProfit": 223204000,
    "grossProfitRatio": 0.4581588584,
    "researchAndDevelopmentExpenses": 82171000,
    "generalAndAdministrativeExpenses": 0,
    "sellingAndMarketingExpenses": 0,
    "sellingGeneralAndAdministrativeExpenses": 60111000,
    "otherExpenses": 0,
    "operatingExpenses": 125937000,
    "costAndExpenses": 389909000,
    "interestIncome": 2008000,
    "interestExpense": 245000,
    "depreciationAndAmortization": 18184000,
    "ebitda": 109719000,
    "ebitdaratio": 0.2492487315,
    "operatingIncome": 91348000,
    "operatingIncomeRatio": 0.1875051316,
    "totalOtherIncomeExpensesNet": -58000,
    "incomeBeforeTax": 91290000,
    "incomeBeforeTaxRatio": 0.1873860781,
    "incomeTaxExpense": 21716000,
    "netIncome": 69574000,
    "netIncomeRatio": 0.1428108117,
    "eps": 0.05500000000000001,
    "epsdiluted": 0.054000000000000006,
    "weightedAverageShsOut": 1272960000,
    "weightedAverageShsOutDil": 1288290000,
    "link": "https://www.sec.gov/Archives/edgar/data/707549/000119312510022346/0001193125-10-022346-index.htm",
    "finalLink": "https://www.sec.gov/Archives/edgar/data/707549/000119312510022346/d10q.htm"
  }
]