[
  {
    "date": "2024-08-04",
    "symbol": "AVGO",
    "reportedCurrency": "USD",
    "cik": "0001730168",
    "fillingDate": "2024-09-11",
    "acceptedDate": "2024-09-11 16:37:29",
    "calendarYear": "2024",
    "period": "Q3",
    "revenue": 13072000000,
    "costOfRevenue": 5470000000,
    "grossProfit": 7602000000,
    "grossProfitRatio": 0.5815483476,
    "researchAndDevelopmentExpenses": 2353000000,
    "generalAndAdministrativeExpenses": 0,
    "sellingAndMarketingExpenses": 0,
    "sellingGeneralAndAdministrativeExpenses": 1100000000,
    "otherExpenses": 1115000000,
    "operatingExpenses": 3372000000,
    "costAndExpenses": 9284000000,
    "interestIncome": 0,
    "interestExpense": 1064000000,
    "depreciationAndAmortization": 2524000000,
    "ebitda": 6394000000,
    "ebitdaratio": 0.4891370869,
    "operatingIncome": 3788000000,
    "operatingIncomeRatio": 0.2897796818,
    "totalOtherIncomeExpensesNet": -982000000,
    "incomeBeforeTax": 2806000000,
    "incomeBeforeTaxRatio": 0.2146572827,
    "incomeTaxExpense": 4238000000,
    "netIncome": -1875000000,
    "netIncomeRatio": -0.1434363525,
    "eps": -0.4,
    "epsdiluted": -0.4,
    "weightedAverageShsOut": 4663000000,
    "weightedAverageShsOutDil": 4663000000,
    "link": "https://www.sec.gov/Archives/edgar/data/1730168/000173016824000099/0001730168-24-000099-index.htm",
    "finalLink": "https://www.sec.gov/Archives/edgar/data/1730168/000173016824000099/avgo-20240804.htm"
  },
  {
    "date": "2024-05-05",
    "symbol": "AVGO",
    "reportedCurrency": "USD",
    "cik": "0001730168",
    "fillingDate": "2024-06-13",
    "acceptedDate": "2024-06-12 20:14:25",
    "calendarYear": "2024",
    "period": "Q2",
    "revenue": 12487000000,
    "costOfRevenue": 5485000000,
    "grossProfit": 7002000000,
    "grossProfitRatio": 0.5607431729,
    "researchAndDevelopmentExpenses": 2415000000,
    "generalAndAdministrativeExpenses": 0,
    "sellingAndMarketingExpenses": 0,
    "sellingGeneralAndAdministrativeExpenses": 1277000000,
    "otherExpenses": 87000000,
    "operatingExpenses": 3692000000,
    "costAndExpenses": 9177000000,
    "interestIncome": 0,
    "interestExpense": 1047000000,
    "depreciationAndAmortization": 2530000000,
    "ebitda": 5582000000,
    "ebitdaratio": 0.4676863938,
    "operatingIncome": 3310000000,
    "operatingIncomeRatio": 0.2650756787,
    "totalOtherIncomeExpensesNet": -960000000,
    "incomeBeforeTax": 2005000000,
    "incomeBeforeTaxRatio": 0.1605669897,
    "incomeTaxExpense": -116000000,
    "netIncome": 2121000000,
    "netIncomeRatio": 0.1698566509,
    "eps": 0.46,
    "epsdiluted": 0.44,
    "weightedAverageShsOut": 4650000000,
    "weightedAverageShsOutDil": 4800000000,
    "link": "https://www.sec.gov/Archives/edgar/data/1730168/000173016824000080/0001730168-24-000080-index.htm",
    "finalLink": "https://www.sec.gov/Archives/edgar/data/1730168/000173016824000080/avgo-20240505.htm"
  },
  {
    "date": "2024-02-04",
    "symbol": "AVGO",
    "reportedCurrency": "USD",
    "cik": "0001730168",
    "fillingDate": "2024-03-14",
    "acceptedDate": "2024-03-14 16:59:58",
    "calendarYear": "2024",
    "period": "Q1",
    "revenue": 11961000000,
    "costOfRevenue": 5286000000,
    "grossProfit": 6675000000,
    "grossProfitRatio": 0.558063707,
    "researchAndDevelopmentExpenses": 2308000000,
    "generalAndAdministrativeExpenses": 0,
    "sellingAndMarketingExpenses": 0,
    "sellingGeneralAndAdministrativeExpenses": 1572000000,
    "otherExpenses": 185000000,
    "operatingExpenses": 3880000000,
    "costAndExpenses": 9166000000,
    "interestIncome": 0,
    "interestExpense": 926000000,
    "depreciationAndAmortization": 2345000000,
    "ebitda": 4613000000,
    "ebitdaratio": 0.4297299557,
    "operatingIncome": 2795000000,
    "operatingIncomeRatio": 0.233676114,
    "totalOtherIncomeExpensesNet": -741000000,
    "incomeBeforeTax": 1342000000,
    "incomeBeforeTaxRatio": 0.1121979768,
    "incomeTaxExpense": 68000000,
    "netIncome": 1325000000,
    "netIncomeRatio": 0.1107766909,
    "eps": 0.29,
    "epsdiluted": 0.28,
    "weightedAverageShsOut": 4520000000,
    "weightedAverageShsOutDil": 4670000000,
    "link": "https://www.sec.gov/Archives/edgar/data/1730168/000173016824000023/0001730168-24-000023-index.htm",
    "finalLink": "https://www.sec.gov/Archives/edgar/data/1730168/000173016824000023/avgo-20240204.htm"
  },
  {
    "date": "2023-10-29",
    "symbol": "AVGO",
    "reportedCurrency": "USD",
    "cik": "0001730168",
    "fillingDate": "2023-12-14",
    "acceptedDate": "2023-12-14 16:54:05",
    "calendarYear": "2023",
    "period": "Q4",
    "revenue": 9295000000,
    "costOfRevenue": 2888000000,
    "grossProfit": 6407000000,
    "grossProfitRatio": 0.6892953201,
    "researchAndDevelopmentExpenses": 1388000000,
    "generalAndAdministrativeExpenses": 0,
    "sellingAndMarketingExpenses": 0,
    "sellingGeneralAndAdministrativeExpenses": 418000000,
    "otherExpenses": 132000000,
    "operatingExpenses": 2154000000,
    "costAndExpenses": 5042000000,
    "interestIncome": 130000000,
    "interestExpense": 405000000,
    "depreciationAndAmortization": 932000000,
    "ebitda": 5304000000,
    "ebitdaratio": 0.572027972,
    "operatingIncome": 4240000000,
    "operatingIncomeRatio": 0.4561592254,
    "totalOtherIncomeExpensesNet": -273000000,
    "incomeBeforeTax": 3967000000,
    "incomeBeforeTaxRatio": 0.426788596,
    "incomeTaxExpense": 443000000,
    "netIncome": 3524000000,
    "netIncomeRatio": 0.3791285637,
    "eps": 0.85,
    "epsdiluted": 0.83,
    "weightedAverageShsOut": 4130000000,
    "weightedAverageShsOutDil": 4270000000,
    "link": "https://www.sec.gov/Archives/edgar/data/1730168/000173016823000096/0001730168-23-000096-index.htm",
    "finalLink": "https://www.sec.gov/Archives/edgar/data/1730168/000173016823000096/avgo-20231029.htm"
  },
  {
    "date": "2023-07-30",
    "symbol": "AVGO",
    "reportedCurrency": "USD",
    "cik": "0001730168",
    "fillingDate": "2023-09-06",
    "acceptedDate": "2023-09-06 16:16:18",
    "calendarYear": "2023",
    "period": "Q3",
    "revenue": 8876000000,
    "costOfRevenue": 2712000000,
    "grossProfit": 6164000000,
    "grossProfitRatio": 0.6944569626,
    "researchAndDevelopmentExpenses": 1358000000,
    "generalAndAdministrativeExpenses": 0,
    "sellingAndMarketingExpenses": 0,
    "sellingGeneralAndAdministrativeExpenses": 388000000,
    "otherExpenses": 124000000,
    "operatingExpenses": 2096000000,
    "costAndExpenses": 4808000000,
    "interestIncome": 406000000,
    "interestExpense": 406000000,
    "depreciationAndAmortization": 932000000,
    "ebitda": 4912000000,
    "ebitdaratio": 0.5772870662,
    "operatingIncome": 3856000000,
    "operatingIncomeRatio": 0.4344299234,
    "totalOtherIncomeExpensesNet": -282000000,
    "incomeBeforeTax": 3574000000,
    "incomeBeforeTaxRatio": 0.4026588553,
    "incomeTaxExpense": 271000000,
    "netIncome": 3303000000,
    "netIncomeRatio": 0.3721270843,
    "eps": 0.8,
    "epsdiluted": 0.77,
    "weightedAverageShsOut": 4130000000,
    "weightedAverageShsOutDil": 4270000000,
    "link": "https://www.sec.gov/Archives/edgar/data/1730168/000173016823000077/0001730168-23-000077-index.htm",
    "finalLink": "https://www.sec.gov/Archives/edgar/data/1730168/000173016823000077/avgo-20230730.htm"
  },
  {
    "date": "2023-04-30",
    "symbol": "AVGO",
    "reportedCurrency": "USD",
    "cik": "0001730168",
    "fillingDate": "2023-06-07",
    "acceptedDate": "2023-06-07 16:22:00",
    "calendarYear": "2023",
    "period": "Q2",
    "revenue": 8733000000,
    "costOfRevenue": 2618000000,
    "grossProfit": 6115000000,
    "grossProfitRatio": 0.7002175656,
    "researchAndDevelopmentExpenses": 1312000000,
    "generalAndAdministrativeExpenses": 0,
    "sellingAndMarketingExpenses": 0,
    "sellingGeneralAndAdministrativeExpenses": 438000000,
    "otherExpenses": 348000000,
    "operatingExpenses": 2098000000,
    "costAndExpenses": 4716000000,
    "interestIncome": 405000000,
    "interestExpense": 405000000,
    "depreciationAndAmortization": 939000000,
    "ebitda": 5060000000,
    "ebitdaratio": 0.5804420016,
    "operatingIncome": 4008000000,
    "operatingIncomeRatio": 0.4589488148,
    "totalOtherIncomeExpensesNet": -292000000,
    "incomeBeforeTax": 3716000000,
    "incomeBeforeTaxRatio": 0.4255124241,
    "incomeTaxExpense": 235000000,
    "netIncome": 3481000000,
    "netIncomeRatio": 0.3986030001,
    "eps": 0.84,
    "epsdiluted": 0.82,
    "weightedAverageShsOut": 4150000000,
    "weightedAverageShsOutDil": 4270000000,
    "link": "https://www.sec.gov/Archives/edgar/data/1730168/000173016823000064/0001730168-23-000064-index.htm",
    "finalLink": "https://www.sec.gov/Archives/edgar/data/1730168/000173016823000064/avgo-20230430.htm"
  },
  {
    "date": "2023-01-29",
    "symbol": "AVGO",
    "reportedCurrency": "USD",
    "cik": "0001730168",
    "fillingDate": "2023-03-08",
    "acceptedDate": "2023-03-08 16:10:18",
    "calendarYear": "2023",
    "period": "Q1",
    "revenue": 8915000000,
    "costOfRevenue": 2911000000,
    "grossProfit": 6004000000,
    "grossProfitRatio": 0.6734716769,
    "researchAndDevelopmentExpenses": 1195000000,
    "generalAndAdministrativeExpenses": 0,
    "sellingAndMarketingExpenses": 0,
    "sellingGeneralAndAdministrativeExpenses": 348000000,
    "otherExpenses": 348000000,
    "operatingExpenses": 1891000000,
    "costAndExpenses": 4802000000,
    "interestIncome": 406000000,
    "interestExpense": 406000000,
    "depreciationAndAmortization": 1032000000,
    "ebitda": 5278000000,
    "ebitdaratio": 0.5931575996,
    "operatingIncome": 4103000000,
    "operatingIncomeRatio": 0.460235558,
    "totalOtherIncomeExpensesNet": -263000000,
    "incomeBeforeTax": 3840000000,
    "incomeBeforeTaxRatio": 0.4307347168,
    "incomeTaxExpense": 66000000,
    "netIncome": 3774000000,
    "netIncomeRatio": 0.4233314638,
    "eps": 0.9,
    "epsdiluted": 0.88,
    "weightedAverageShsOut": 4180000000,
    "weightedAverageShsOutDil": 4290000000,
    "link": "https://www.sec.gov/Archives/edgar/data/1730168/000173016823000008/0001730168-23-000008-index.htm",
    "finalLink": "https://www.sec.gov/Archives/edgar/data/1730168/000173016823000008/avgo-20230129.htm"
  },
  {
    "date": "2022-10-30",
    "symbol": "AVGO",
    "reportedCurrency": "USD",
    "cik": "0001730168",
    "fillingDate": "2022-12-16",
    "acceptedDate": "2022-12-16 16:21:52",
    "calendarYear": "2022",
    "period": "Q4",
    "revenue": 8930000000,
    "costOfRevenue": 3004000000,
    "grossProfit": 5926000000,
    "grossProfitRatio": 0.6636058231,
    "researchAndDevelopmentExpenses": 1197000000,
    "generalAndAdministrativeExpenses": 0,
    "sellingAndMarketingExpenses": 0,
    "sellingGeneralAndAdministrativeExpenses": 370000000,
    "otherExpenses": 358000000,
    "operatingExpenses": 1925000000,
    "costAndExpenses": 4929000000,
    "interestIncome": 306000000,
    "interestExpense": 406000000,
    "depreciationAndAmortization": 1216000000,
    "ebitda": 5242000000,
    "ebitdaratio": 0.5886898096,
    "operatingIncome": 3986000000,
    "operatingIncomeRatio": 0.4463605823,
    "totalOtherIncomeExpensesNet": -366000000,
    "incomeBeforeTax": 3620000000,
    "incomeBeforeTaxRatio": 0.40537514,
    "incomeTaxExpense": 261000000,
    "netIncome": 3359000000,
    "netIncomeRatio": 0.3761478163,
    "eps": 0.81,
    "epsdiluted": 0.77,
    "weightedAverageShsOut": 4110000000,
    "weightedAverageShsOutDil": 4290000000,
    "link": "https://www.sec.gov/Archives/edgar/data/1730168/000173016822000118/0001730168-22-000118-index.htm",
    "finalLink": "https://www.sec.gov/Archives/edgar/data/1730168/000173016822000118/avgo-20221030.htm"
  },
  {
    "date": "2022-07-31",
    "symbol": "AVGO",
    "reportedCurrency": "USD",
    "cik": "0001730168",
    "fillingDate": "2022-07-31",
    "acceptedDate": "2022-07-31 00:00:00",
    "calendarYear": "2022",
    "period": "Q3",
    "revenue": 8464000000,
    "costOfRevenue": 2783000000,
    "grossProfit": 5681000000,
    "grossProfitRatio": 0.6711956522,
    "researchAndDevelopmentExpenses": 1255000000,
    "generalAndAdministrativeExpenses": 0,
    "sellingAndMarketingExpenses": 0,
    "sellingGeneralAndAdministrativeExpenses": 323000000,
    "otherExpenses": 359000000,
    "operatingExpenses": 1937000000,
    "costAndExpenses": 4720000000,
    "interestIncome": 0,
    "interestExpense": 406000000,
    "depreciationAndAmortization": 1217000000,
    "ebitda": 4960000000,
    "ebitdaratio": 0.5868383743,
    "operatingIncome": 3737000000,
    "operatingIncomeRatio": 0.4415170132,
    "totalOtherIncomeExpensesNet": -400000000,
    "incomeBeforeTax": 3337000000,
    "incomeBeforeTaxRatio": 0.394258034,
    "incomeTaxExpense": 263000000,
    "netIncome": 3074000000,
    "netIncomeRatio": 0.3631852552,
    "eps": 0.73,
    "epsdiluted": 0.71,
    "weightedAverageShsOut": 4195087950,
    "weightedAverageShsOutDil": 4310776850,
    "link": null,
    "finalLink": null
  },
  {
    "date": "2022-05-01",
    "symbol": "AVGO",
    "reportedCurrency": "USD",
    "cik": "0001730168",
    "fillingDate": "2022-06-09",
    "acceptedDate": "2022-06-09 16:12:03",
    "calendarYear": "2022",
    "period": "Q2",
    "revenue": 8103000000,
    "costOfRevenue": 2664000000,
    "grossProfit": 5439000000,
    "grossProfitRatio": 0.6712328767,
    "researchAndDevelopmentExpenses": 1261000000,
    "generalAndAdministrativeExpenses": 0,
    "sellingAndMarketingExpenses": 0,
    "sellingGeneralAndAdministrativeExpenses": 368000000,
    "otherExpenses": 398000000,
    "operatingExpenses": 2027000000,
    "costAndExpenses": 4691000000,
    "interestIncome": 0,
    "interestExpense": 518000000,
    "depreciationAndAmortization": 1264000000,
    "ebitda": 4572000000,
    "ebitdaratio": 0.5664568678,
    "operatingIncome": 3394000000,
    "operatingIncomeRatio": 0.4188572134,
    "totalOtherIncomeExpensesNet": -604000000,
    "incomeBeforeTax": 2790000000,
    "incomeBeforeTaxRatio": 0.3443169197,
    "incomeTaxExpense": 200000000,
    "netIncome": 2590000000,
    "netIncomeRatio": 0.3196347032,
    "eps": 0.63,
    "epsdiluted": 0.61,
    "weightedAverageShsOut": 4090225480,
    "weightedAverageShsOutDil": 4250626480,
    "link": "https://www.sec.gov/Archives/edgar/data/1730168/000173016822000081/0001730168-22-000081-index.htm",
    "finalLink": "https://www.sec.gov/Archives/edgar/data/1730168/000173016822000081/avgo-20220501.htm"
  },
  {
    "date": "2022-01-30",
    "symbol": "AVGO",
    "reportedCurrency": "USD",
    "cik": "0001730168",
    "fillingDate": "2022-03-10",
    "acceptedDate": "2022-03-10 16:31:23",
    "calendarYear": "2022",
    "period": "Q1",
    "revenue": 7706000000,
    "costOfRevenue": 2657000000,
    "grossProfit": 5049000000,
    "grossProfitRatio": 0.6552037373,
    "researchAndDevelopmentExpenses": 1206000000,
    "generalAndAdministrativeExpenses": 0,
    "sellingAndMarketingExpenses": 0,
    "sellingGeneralAndAdministrativeExpenses": 321000000,
    "otherExpenses": -14000000,
    "operatingExpenses": 1924000000,
    "costAndExpenses": 4581000000,
    "interestIncome": 0,
    "interestExpense": 407000000,
    "depreciationAndAmortization": 1287000000,
    "ebitda": 4381000000,
    "ebitdaratio": 0.5707241111,
    "operatingIncome": 3108000000,
    "operatingIncomeRatio": 0.4033220867,
    "totalOtherIncomeExpensesNet": -421000000,
    "incomeBeforeTax": 2687000000,
    "incomeBeforeTaxRatio": 0.348689333,
    "incomeTaxExpense": 215000000,
    "netIncome": 2472000000,
    "netIncomeRatio": 0.3207889956,
    "eps": 0.58,
    "epsdiluted": 0.56,
    "weightedAverageShsOut": 4120000000,
    "weightedAverageShsOutDil": 4290000000,
    "link": "https://www.sec.gov/Archives/edgar/data/1730168/000173016822000029/0001730168-22-000029-index.htm",
    "finalLink": "https://www.sec.gov/Archives/edgar/data/1730168/000173016822000029/avgo-20220130.htm"
  },
  {
    "date": "2021-10-31",
    "symbol": "AVGO",
    "reportedCurrency": "USD",
    "cik": "0001730168",
    "fillingDate": "2021-12-17",
    "acceptedDate": "2021-12-17 16:42:51",
    "calendarYear": "2021",
    "period": "Q4",
    "revenue": 7407000000,
    "costOfRevenue": 2769000000,
    "grossProfit": 4638000000,
    "grossProfitRatio": 0.626164439,
    "researchAndDevelopmentExpenses": 1200000000,
    "generalAndAdministrativeExpenses": 0,
    "sellingAndMarketingExpenses": 0,
    "sellingGeneralAndAdministrativeExpenses": 337000000,
    "otherExpenses": 22000000,
    "operatingExpenses": 2031000000,
    "costAndExpenses": 4800000000,
    "interestIncome": -7000000,
    "interestExpense": 434000000,
    "depreciationAndAmortization": 1501000000,
    "ebitda": 4081000000,
    "ebitdaratio": 0.5575806669,
    "operatingIncome": 2581000000,
    "operatingIncomeRatio": 0.348454165,
    "totalOtherIncomeExpensesNet": -412000000,
    "incomeBeforeTax": 2169000000,
    "incomeBeforeTaxRatio": 0.2928311057,
    "incomeTaxExpense": 180000000,
    "netIncome": 1989000000,
    "netIncomeRatio": 0.2685297691,
    "eps": 0.46,
    "epsdiluted": 0.44,
    "weightedAverageShsOut": 4130325730,
    "weightedAverageShsOutDil": 4310776850,
    "link": "https://www.sec.gov/Archives/edgar/data/1730168/000173016821000153/0001730168-21-000153-index.htm",
    "finalLink": "https://www.sec.gov/Archives/edgar/data/1730168/000173016821000153/avgo-20211031.htm"
  },
  {
    "date": "2021-08-01",
    "symbol": "AVGO",
    "reportedCurrency": "USD",
    "cik": "0001730168",
    "fillingDate": "2021-09-09",
    "acceptedDate": "2021-09-09 16:19:53",
    "calendarYear": "2021",
    "period": "Q3",
    "revenue": 6778000000,
    "costOfRevenue": 2581000000,
    "grossProfit": 4197000000,
    "grossProfitRatio": 0.6192092063,
    "researchAndDevelopmentExpenses": 1205000000,
    "generalAndAdministrativeExpenses": 0,
    "sellingAndMarketingExpenses": 0,
    "sellingGeneralAndAdministrativeExpenses": 346000000,
    "otherExpenses": 15000000,
    "operatingExpenses": 2045000000,
    "costAndExpenses": 4626000000,
    "interestIncome": 0,
    "interestExpense": 415000000,
    "depreciationAndAmortization": 1503000000,
    "ebitda": 3644000000,
    "ebitdaratio": 0.5414576571,
    "operatingIncome": 2126000000,
    "operatingIncomeRatio": 0.3136618472,
    "totalOtherIncomeExpensesNet": -400000000,
    "incomeBeforeTax": 1726000000,
    "incomeBeforeTaxRatio": 0.2546473886,
    "incomeTaxExpense": -150000000,
    "netIncome": 1876000000,
    "netIncomeRatio": 0.2767778106,
    "eps": 0.44,
    "epsdiluted": 0.42,
    "weightedAverageShsOut": 4120300660,
    "weightedAverageShsOutDil": 4300751790,
    "link": "https://www.sec.gov/Archives/edgar/data/1730168/000173016821000123/0001730168-21-000123-index.htm",
    "finalLink": "https://www.sec.gov/Archives/edgar/data/1730168/000173016821000123/avgo-20210801.htm"
  },
  {
    "date": "2021-05-02",
    "symbol": "AVGO",
    "reportedCurrency": "USD",
    "cik": "0001730168",
    "fillingDate": "2021-06-11",
    "acceptedDate": "2021-06-11 15:22:26",
    "calendarYear": "2021",
    "period": "Q2",
    "revenue": 6610000000,
    "costOfRevenue": 2553000000,
    "grossProfit": 4057000000,
    "grossProfitRatio": 0.6137670197,
    "researchAndDevelopmentExpenses": 1238000000,
    "generalAndAdministrativeExpenses": 0,
    "sellingAndMarketingExpenses": 0,
    "sellingGeneralAndAdministrativeExpenses": 325000000,
    "otherExpenses": -23000000,
    "operatingExpenses": 2057000000,
    "costAndExpenses": 4610000000,
    "interestIncome": 0,
    "interestExpense": 466000000,
    "depreciationAndAmortization": 1504000000,
    "ebitda": 3456000000,
    "ebitdaratio": 0.5266263238,
    "operatingIncome": 1975000000,
    "operatingIncomeRatio": 0.2987897126,
    "totalOtherIncomeExpensesNet": -489000000,
    "incomeBeforeTax": 1486000000,
    "incomeBeforeTaxRatio": 0.2248108926,
    "incomeTaxExpense": -7000000,
    "netIncome": 1493000000,
    "netIncomeRatio": 0.2258698941,
    "eps": 0.35,
    "epsdiluted": 0.33,
    "weightedAverageShsOut": 4100250540,
    "weightedAverageShsOutDil": 4300751790,
    "link": "https://www.sec.gov/Archives/edgar/data/1730168/000173016821000116/0001730168-21-000116-index.htm",
    "finalLink": "https://www.sec.gov/Archives/edgar/data/1730168/000173016821000116/avgo-20210502.htm"
  },
  {
    "date": "2021-01-31",
    "symbol": "AVGO",
    "reportedCurrency": "USD",
    "cik": "0001730168",
    "fillingDate": "2021-03-12",
    "acceptedDate": "2021-03-12 16:37:52",
    "calendarYear": "2021",
    "period": "Q1",
    "revenue": 6655000000,
    "costOfRevenue": 2703000000,
    "grossProfit": 3952000000,
    "grossProfitRatio": 0.5938392186,
    "researchAndDevelopmentExpenses": 1211000000,
    "generalAndAdministrativeExpenses": 0,
    "sellingAndMarketingExpenses": 0,
    "sellingGeneralAndAdministrativeExpenses": 339000000,
    "otherExpenses": 117000000,
    "operatingExpenses": 2044000000,
    "costAndExpenses": 4747000000,
    "interestIncome": 0,
    "interestExpense": 570000000,
    "depreciationAndAmortization": 1533000000,
    "ebitda": 3487000000,
    "ebitdaratio": 0.5346356123,
    "operatingIncome": 1837000000,
    "operatingIncomeRatio": 0.2760330579,
    "totalOtherIncomeExpensesNet": -453000000,
    "incomeBeforeTax": 1384000000,
    "incomeBeforeTaxRatio": 0.2079639369,
    "incomeTaxExpense": 6000000,
    "netIncome": 1378000000,
    "netIncomeRatio": 0.2070623591,
    "eps": 0.32,
    "epsdiluted": 0.3,
    "weightedAverageShsOut": 4080200410,
    "weightedAverageShsOutDil": 4290726730,
    "link": "https://www.sec.gov/Archives/edgar/data/1730168/000173016821000045/0001730168-21-000045-index.htm",
    "finalLink": "https://www.sec.gov/Archives/edgar/data/1730168/000173016821000045/avgo-20210131.htm"
  },
  {
    "date": "2020-11-01",
    "symbol": "AVGO",
    "reportedCurrency": "USD",
    "cik": "0001730168",
    "fillingDate": "2020-12-18",
    "acceptedDate": "2020-12-18 17:07:10",
    "calendarYear": "2020",
    "period": "Q4",
    "revenue": 6467000000,
    "costOfRevenue": 2720000000,
    "grossProfit": 3747000000,
    "grossProfitRatio": 0.5794031236,
    "researchAndDevelopmentExpenses": 1182000000,
    "generalAndAdministrativeExpenses": 0,
    "sellingAndMarketingExpenses": 0,
    "sellingGeneralAndAdministrativeExpenses": 405000000,
    "otherExpenses": 31000000,
    "operatingExpenses": 2186000000,
    "costAndExpenses": 4906000000,
    "interestIncome": 53000000,
    "interestExpense": 420000000,
    "depreciationAndAmortization": 1728000000,
    "ebitda": 3285000000,
    "ebitdaratio": 0.5133755992,
    "operatingIncome": 1526000000,
    "operatingIncomeRatio": 0.2359672182,
    "totalOtherIncomeExpensesNet": -389000000,
    "incomeBeforeTax": 1137000000,
    "incomeBeforeTaxRatio": 0.1758156796,
    "incomeTaxExpense": -187000000,
    "netIncome": 1324000000,
    "netIncomeRatio": 0.2047317149,
    "eps": 0.31,
    "epsdiluted": 0.29,
    "weightedAverageShsOut": 4060150290,
    "weightedAverageShsOutDil": 4270676600,
    "link": "https://www.sec.gov/Archives/edgar/data/1730168/000173016820000226/0001730168-20-000226-index.htm",
    "finalLink": "https://www.sec.gov/Archives/edgar/data/1730168/000173016820000226/avgo-20201101.htm"
  },
  {
    "date": "2020-08-02",
    "symbol": "AVGO",
    "reportedCurrency": "USD",
    "cik": "0001730168",
    "fillingDate": "2020-09-11",
    "acceptedDate": "2020-09-11 16:17:04",
    "calendarYear": "2020",
    "period": "Q3",
    "revenue": 5821000000,
    "costOfRevenue": 2505000000,
    "grossProfit": 3316000000,
    "grossProfitRatio": 0.5696615702,
    "researchAndDevelopmentExpenses": 1228000000,
    "generalAndAdministrativeExpenses": 0,
    "sellingAndMarketingExpenses": 0,
    "sellingGeneralAndAdministrativeExpenses": 428000000,
    "otherExpenses": 49000000,
    "operatingExpenses": 2256000000,
    "costAndExpenses": 4761000000,
    "interestIncome": 0,
    "interestExpense": 464000000,
    "depreciationAndAmortization": 1719000000,
    "ebitda": 2776000000,
    "ebitdaratio": 0.4858271775,
    "operatingIncome": 1008000000,
    "operatingIncomeRatio": 0.1731661227,
    "totalOtherIncomeExpensesNet": -415000000,
    "incomeBeforeTax": 593000000,
    "incomeBeforeTaxRatio": 0.1018725305,
    "incomeTaxExpense": -96000000,
    "netIncome": 688000000,
    "netIncomeRatio": 0.1181927504,
    "eps": 0.15,
    "epsdiluted": 0.14,
    "weightedAverageShsOut": 4029999910,
    "weightedAverageShsOutDil": 4219999910,
    "link": "https://www.sec.gov/Archives/edgar/data/1730168/000173016820000164/0001730168-20-000164-index.htm",
    "finalLink": "https://www.sec.gov/Archives/edgar/data/1730168/000173016820000164/avgo-20200802.htm"
  },
  {
    "date": "2020-05-03",
    "symbol": "AVGO",
    "reportedCurrency": "USD",
    "cik": "0001730168",
    "fillingDate": "2020-06-12",
    "acceptedDate": "2020-06-12 16:42:26",
    "calendarYear": "2020",
    "period": "Q2",
    "revenue": 5742000000,
    "costOfRevenue": 2553000000,
    "grossProfit": 3189000000,
    "grossProfitRatio": 0.5553814002,
    "researchAndDevelopmentExpenses": 1269000000,
    "generalAndAdministrativeExpenses": 0,
    "sellingAndMarketingExpenses": 0,
    "sellingGeneralAndAdministrativeExpenses": 501000000,
    "otherExpenses": 130000000,
    "operatingExpenses": 2369000000,
    "costAndExpenses": 4922000000,
    "interestIncome": 0,
    "interestExpense": 487000000,
    "depreciationAndAmortization": 1730000000,
    "ebitda": 2626000000,
    "ebitdaratio": 0.4667363288,
    "operatingIncome": 766000000,
    "operatingIncomeRatio": 0.1334029955,
    "totalOtherIncomeExpensesNet": -357000000,
    "incomeBeforeTax": 409000000,
    "incomeBeforeTaxRatio": 0.0712295367,
    "incomeTaxExpense": -159000000,
    "netIncome": 563000000,
    "netIncomeRatio": 0.0980494601,
    "eps": 0.12,
    "epsdiluted": 0.12,
    "weightedAverageShsOut": 4009999910,
    "weightedAverageShsOutDil": 4169999910,
    "link": "https://www.sec.gov/Archives/edgar/data/1730168/000173016820000109/0001730168-20-000109-index.htm",
    "finalLink": "https://www.sec.gov/Archives/edgar/data/1730168/000173016820000109/avgo-20200503.htm"
  },
  {
    "date": "2020-02-02",
    "symbol": "AVGO",
    "reportedCurrency": "USD",
    "cik": "0001730168",
    "fillingDate": "2020-03-13",
    "acceptedDate": "2020-03-13 17:12:50",
    "calendarYear": "2020",
    "period": "Q1",
    "revenue": 5858000000,
    "costOfRevenue": 2594000000,
    "grossProfit": 3264000000,
    "grossProfitRatio": 0.5571867532,
    "researchAndDevelopmentExpenses": 1289000000,
    "generalAndAdministrativeExpenses": 0,
    "sellingAndMarketingExpenses": 0,
    "sellingGeneralAndAdministrativeExpenses": 601000000,
    "otherExpenses": -4000000,
    "operatingExpenses": 2493000000,
    "costAndExpenses": 5087000000,
    "interestIncome": 0,
    "interestExpense": 406000000,
    "depreciationAndAmortization": 1728000000,
    "ebitda": 2438000000,
    "ebitdaratio": 0.425913281,
    "operatingIncome": 714000000,
    "operatingIncomeRatio": 0.1218846023,
    "totalOtherIncomeExpensesNet": -410000000,
    "incomeBeforeTax": 304000000,
    "incomeBeforeTaxRatio": 0.0518948447,
    "incomeTaxExpense": -76000000,
    "netIncome": 385000000,
    "netIncomeRatio": 0.0657220895,
    "eps": 0.078,
    "epsdiluted": 0.074,
    "weightedAverageShsOut": 3979999920,
    "weightedAverageShsOutDil": 4199999910,
    "link": "https://www.sec.gov/Archives/edgar/data/1730168/000173016820000045/0001730168-20-000045-index.htm",
    "finalLink": "https://www.sec.gov/Archives/edgar/data/1730168/000173016820000045/avgo-02022020x10q.htm"
  },
  {
    "date": "2019-11-03",
    "symbol": "AVGO",
    "reportedCurrency": "USD",
    "cik": "0001730168",
    "fillingDate": "2019-12-20",
    "acceptedDate": "2019-12-20 16:10:06",
    "calendarYear": "2019",
    "period": "Q4",
    "revenue": 5776000000,
    "costOfRevenue": 2624000000,
    "grossProfit": 3152000000,
    "grossProfitRatio": 0.5457063712,
    "researchAndDevelopmentExpenses": 1177000000,
    "generalAndAdministrativeExpenses": 409000000,
    "sellingAndMarketingExpenses": 0,
    "sellingGeneralAndAdministrativeExpenses": 409000000,
    "otherExpenses": 54000000,
    "operatingExpenses": 2060000000,
    "costAndExpenses": 4684000000,
    "interestIncome": 98000000,
    "interestExpense": 361000000,
    "depreciationAndAmortization": 1452000000,
    "ebitda": 2560000000,
    "ebitdaratio": 0.4497922438,
    "operatingIncome": 1054000000,
    "operatingIncomeRatio": 0.1824792244,
    "totalOtherIncomeExpensesNet": -428000000,
    "incomeBeforeTax": 747000000,
    "incomeBeforeTaxRatio": 0.1293282548,
    "incomeTaxExpense": -100000000,
    "netIncome": 847000000,
    "netIncomeRatio": 0.1466412742,
    "eps": 0.21,
    "epsdiluted": 0.2,
    "weightedAverageShsOut": 3969999920,
    "weightedAverageShsOutDil": 4159999910,
    "link": "https://www.sec.gov/Archives/edgar/data/1730168/000173016819000144/0001730168-19-000144-index.htm",
    "finalLink": "https://www.sec.gov/Archives/edgar/data/1730168/000173016819000144/avgo-11032019x10k.htm"
  },
  {
    "date": "2019-08-04",
    "symbol": "AVGO",
    "reportedCurrency": "USD",
    "cik": "0001730168",
    "fillingDate": "2019-09-13",
    "acceptedDate": "2019-09-13 16:39:17",
    "calendarYear": "2019",
    "period": "Q3",
    "revenue": 5515000000,
    "costOfRevenue": 2481000000,
    "grossProfit": 3034000000,
    "grossProfitRatio": 0.5501359927,
    "researchAndDevelopmentExpenses": 1235000000,
    "generalAndAdministrativeExpenses": 410000000,
    "sellingAndMarketingExpenses": 0,
    "sellingGeneralAndAdministrativeExpenses": 410000000,
    "otherExpenses": 41000000,
    "operatingExpenses": 2120000000,
    "costAndExpenses": 4601000000,
    "interestIncome": 0,
    "interestExpense": 362000000,
    "depreciationAndAmortization": 1450000000,
    "ebitda": 2356000000,
    "ebitdaratio": 0.4360834089,
    "operatingIncome": 865000000,
    "operatingIncomeRatio": 0.1568449683,
    "totalOtherIncomeExpensesNet": -372000000,
    "incomeBeforeTax": 544000000,
    "incomeBeforeTaxRatio": 0.0986400725,
    "incomeTaxExpense": -171000000,
    "netIncome": 715000000,
    "netIncomeRatio": 0.1296464189,
    "eps": 0.18,
    "epsdiluted": 0.17,
    "weightedAverageShsOut": 3979999920,
    "weightedAverageShsOutDil": 4179999910,
    "link": "https://www.sec.gov/Archives/edgar/data/1730168/000173016819000118/0001730168-19-000118-index.htm",
    "finalLink": "https://www.sec.gov/Archives/edgar/data/1730168/000173016819000118/avgo-08042019x10q.htm"
  },
  {
    "date": "2019-05-05",
    "symbol": "AVGO",
    "reportedCurrency": "USD",
    "cik": "0001730168",
    "fillingDate": "2019-06-14",
    "acceptedDate": "2019-06-14 17:01:50",
    "calendarYear": "2019",
    "period": "Q2",
    "revenue": 5517000000,
    "costOfRevenue": 2428000000,
    "grossProfit": 3089000000,
    "grossProfitRatio": 0.5599057459,
    "researchAndDevelopmentExpenses": 1151000000,
    "generalAndAdministrativeExpenses": 419000000,
    "sellingAndMarketingExpenses": 0,
    "sellingGeneralAndAdministrativeExpenses": 419000000,
    "otherExpenses": 63000000,
    "operatingExpenses": 2043000000,
    "costAndExpenses": 4471000000,
    "interestIncome": 0,
    "interestExpense": 376000000,
    "depreciationAndAmortization": 1447000000,
    "ebitda": 2480000000,
    "ebitdaratio": 0.4632952692,
    "operatingIncome": 970000000,
    "operatingIncomeRatio": 0.1758201921,
    "totalOtherIncomeExpensesNet": -399000000,
    "incomeBeforeTax": 657000000,
    "incomeBeforeTaxRatio": 0.11908646,
    "incomeTaxExpense": -36000000,
    "netIncome": 691000000,
    "netIncomeRatio": 0.1252492297,
    "eps": 0.17,
    "epsdiluted": 0.16,
    "weightedAverageShsOut": 3969999920,
    "weightedAverageShsOutDil": 4219999910,
    "link": "https://www.sec.gov/Archives/edgar/data/1730168/000173016819000101/0001730168-19-000101-index.htm",
    "finalLink": "https://www.sec.gov/Archives/edgar/data/1730168/000173016819000101/avgo-05052019x10q.htm"
  },
  {
    "date": "2019-02-03",
    "symbol": "AVGO",
    "reportedCurrency": "USD",
    "cik": "0001730168",
    "fillingDate": "2019-03-15",
    "acceptedDate": "2019-03-15 16:58:40",
    "calendarYear": "2019",
    "period": "Q1",
    "revenue": 5789000000,
    "costOfRevenue": 2581000000,
    "grossProfit": 3208000000,
    "grossProfitRatio": 0.5541544308,
    "researchAndDevelopmentExpenses": 1133000000,
    "generalAndAdministrativeExpenses": 471000000,
    "sellingAndMarketingExpenses": 0,
    "sellingGeneralAndAdministrativeExpenses": 471000000,
    "otherExpenses": 68000000,
    "operatingExpenses": 2080000000,
    "costAndExpenses": 4661000000,
    "interestIncome": 0,
    "interestExpense": 345000000,
    "depreciationAndAmortization": 1459000000,
    "ebitda": 2082000000,
    "ebitdaratio": 0.4586284332,
    "operatingIncome": 555000000,
    "operatingIncomeRatio": 0.0958714804,
    "totalOtherIncomeExpensesNet": -277000000,
    "incomeBeforeTax": 278000000,
    "incomeBeforeTaxRatio": 0.0480221109,
    "incomeTaxExpense": -203000000,
    "netIncome": 471000000,
    "netIncomeRatio": 0.0813612023,
    "eps": 0.12,
    "epsdiluted": 0.11,
    "weightedAverageShsOut": 4009999910,
    "weightedAverageShsOutDil": 4189999910,
    "link": "https://www.sec.gov/Archives/edgar/data/1730168/000173016819000036/0001730168-19-000036-index.htm",
    "finalLink": "https://www.sec.gov/Archives/edgar/data/1730168/000173016819000036/avgo-02032019x10q.htm"
  },
  {
    "date": "2018-11-04",
    "symbol": "AVGO",
    "reportedCurrency": "USD",
    "cik": "0001730168",
    "fillingDate": "2018-12-21",
    "acceptedDate": "2018-12-21 17:17:50",
    "calendarYear": "2018",
    "period": "Q4",
    "revenue": 5444000000,
    "costOfRevenue": 2509000000,
    "grossProfit": 2935000000,
    "grossProfitRatio": 0.5391256429,
    "researchAndDevelopmentExpenses": 948000000,
    "generalAndAdministrativeExpenses": 237000000,
    "sellingAndMarketingExpenses": 0,
    "sellingGeneralAndAdministrativeExpenses": 237000000,
    "otherExpenses": 24000000,
    "operatingExpenses": 1252000000,
    "costAndExpenses": 3761000000,
    "interestIncome": 114000000,
    "interestExpense": 148000000,
    "depreciationAndAmortization": 968000000,
    "ebitda": 2675000000,
    "ebitdaratio": 0.4913666422,
    "operatingIncome": 1652000000,
    "operatingIncomeRatio": 0.3034533431,
    "totalOtherIncomeExpensesNet": -230000000,
    "incomeBeforeTax": 1422000000,
    "incomeBeforeTaxRatio": 0.2612049963,
    "incomeTaxExpense": 307000000,
    "netIncome": 1115000000,
    "netIncomeRatio": 0.2048126378,
    "eps": 0.27,
    "epsdiluted": 0.26,
    "weightedAverageShsOut": 4119999910,
    "weightedAverageShsOutDil": 4229999910,
    "link": "https://www.sec.gov/Archives/edgar/data/1730168/000173016818000084/0001730168-18-000084-index.htm",
    "finalLink": "https://www.sec.gov/Archives/edgar/data/1730168/000173016818000084/avgo-11042018x10k.htm"
  },
  {
    "date": "2018-08-05",
    "symbol": "AVGO",
    "reportedCurrency": "USD",
    "cik": "0001730168",
    "fillingDate": "2018-09-13",
    "acceptedDate": "2018-09-13 16:08:44",
    "calendarYear": "2018",
    "period": "Q3",
    "revenue": 5063000000,
    "costOfRevenue": 2444000000,
    "grossProfit": 2619000000,
    "grossProfitRatio": 0.5172822437,
    "researchAndDevelopmentExpenses": 959000000,
    "generalAndAdministrativeExpenses": 234000000,
    "sellingAndMarketingExpenses": 0,
    "sellingGeneralAndAdministrativeExpenses": 234000000,
    "otherExpenses": 39000000,
    "operatingExpenses": 1261000000,
    "costAndExpenses": 3705000000,
    "interestIncome": 0,
    "interestExpense": 149000000,
    "depreciationAndAmortization": 965000000,
    "ebitda": 2343000000,
    "ebitdaratio": 0.466521825,
    "operatingIncome": 1339000000,
    "operatingIncomeRatio": 0.2644677069,
    "totalOtherIncomeExpensesNet": -131000000,
    "incomeBeforeTax": 1229000000,
    "incomeBeforeTaxRatio": 0.2427414576,
    "incomeTaxExpense": 32000000,
    "netIncome": 1196000000,
    "netIncomeRatio": 0.2362235829,
    "eps": 0.28,
    "epsdiluted": 0.27,
    "weightedAverageShsOut": 4299999910,
    "weightedAverageShsOutDil": 4409999910,
    "link": "https://www.sec.gov/Archives/edgar/data/1730168/000173016818000039/0001730168-18-000039-index.htm",
    "finalLink": "https://www.sec.gov/Archives/edgar/data/1730168/000173016818000039/avgo-08052018x10q.htm"
  },
  {
    "date": "2018-05-06",
    "symbol": "AVGO",
    "reportedCurrency": "USD",
    "cik": "0001730168",
    "fillingDate": "2018-06-14",
    "acceptedDate": "2018-06-14 16:44:41",
    "calendarYear": "2018",
    "period": "Q2",
    "revenue": 5014000000,
    "costOfRevenue": 2463000000,
    "grossProfit": 2551000000,
    "grossProfitRatio": 0.5087754288,
    "researchAndDevelopmentExpenses": 936000000,
    "generalAndAdministrativeExpenses": 294000000,
    "sellingAndMarketingExpenses": 0,
    "sellingGeneralAndAdministrativeExpenses": 294000000,
    "otherExpenses": 46000000,
    "operatingExpenses": 1297000000,
    "costAndExpenses": 3760000000,
    "interestIncome": 0,
    "interestExpense": 148000000,
    "depreciationAndAmortization": 964000000,
    "ebitda": 2211000000,
    "ebitdaratio": 0.4515357,
    "operatingIncome": 1201000000,
    "operatingIncomeRatio": 0.2395293179,
    "totalOtherIncomeExpensesNet": -157000000,
    "incomeBeforeTax": 1099000000,
    "incomeBeforeTaxRatio": 0.2191862784,
    "incomeTaxExpense": -2637000000,
    "netIncome": 3718000000,
    "netIncomeRatio": 0.7415237335,
    "eps": 0.88,
    "epsdiluted": 0.83,
    "weightedAverageShsOut": 4209999910,
    "weightedAverageShsOutDil": 4479999910,
    "link": "https://www.sec.gov/Archives/edgar/data/1730168/000173016818000019/0001730168-18-000019-index.htm",
    "finalLink": "https://www.sec.gov/Archives/edgar/data/1730168/000173016818000019/avgo-05062018x10q.htm"
  },
  {
    "date": "2018-01-31",
    "symbol": "AVGO",
    "reportedCurrency": "USD",
    "cik": "0001730168",
    "fillingDate": "2018-01-31",
    "acceptedDate": "2018-01-31 00:00:00",
    "calendarYear": "2018",
    "period": "Q1",
    "revenue": 5327000000,
    "costOfRevenue": 2699000000,
    "grossProfit": 2628000000,
    "grossProfitRatio": 0.4933358363,
    "researchAndDevelopmentExpenses": 925000000,
    "generalAndAdministrativeExpenses": 291000000,
    "sellingAndMarketingExpenses": 0,
    "sellingGeneralAndAdministrativeExpenses": 291000000,
    "otherExpenses": 35000000,
    "operatingExpenses": 1555000000,
    "costAndExpenses": 4254000000,
    "interestIncome": 0,
    "interestExpense": 183000000,
    "depreciationAndAmortization": 1184000000,
    "ebitda": 2162000000,
    "ebitdaratio": 0.4302609349,
    "operatingIncome": 943000000,
    "operatingIncomeRatio": 0.1770227145,
    "totalOtherIncomeExpensesNet": -148000000,
    "incomeBeforeTax": 795000000,
    "incomeBeforeTaxRatio": 0.1492397222,
    "incomeTaxExpense": -5786000000,
    "netIncome": 6230000000,
    "netIncomeRatio": 1.1695137976,
    "eps": 1.52,
    "epsdiluted": 1.46,
    "weightedAverageShsOut": 4099999910,
    "weightedAverageShsOutDil": 4259999910,
    "link": null,
    "finalLink": null
  },
  {
    "date": "2017-10-31",
    "symbol": "AVGO",
    "reportedCurrency": "USD",
    "cik": "0001730168",
    "fillingDate": "2017-10-31",
    "acceptedDate": "2017-10-31 00:00:00",
    "calendarYear": "2017",
    "period": "Q4",
    "revenue": 4844000000,
    "costOfRevenue": 2461000000,
    "grossProfit": 2383000000,
    "grossProfitRatio": 0.4919488026,
    "researchAndDevelopmentExpenses": 828000000,
    "generalAndAdministrativeExpenses": 182000000,
    "sellingAndMarketingExpenses": 12000000,
    "sellingGeneralAndAdministrativeExpenses": 194000000,
    "otherExpenses": 16000000,
    "operatingExpenses": 1463000000,
    "costAndExpenses": 3924000000,
    "interestIncome": 75000000,
    "interestExpense": 119000000,
    "depreciationAndAmortization": 1219000000,
    "ebitda": 2155000000,
    "ebitdaratio": 0.4448802642,
    "operatingIncome": 865000000,
    "operatingIncomeRatio": 0.1785714286,
    "totalOtherIncomeExpensesNet": -110000000,
    "incomeBeforeTax": 755000000,
    "incomeBeforeTaxRatio": 0.1558629232,
    "incomeTaxExpense": 89000000,
    "netIncome": 636000000,
    "netIncomeRatio": 0.1312964492,
    "eps": 0.16,
    "epsdiluted": 0.15,
    "weightedAverageShsOut": 4079999910,
    "weightedAverageShsOutDil": 4239999910,
    "link": null,
    "finalLink": null
  },
  {
    "date": "2017-07-31",
    "symbol": "AVGO",
    "reportedCurrency": "USD",
    "cik": "0001730168",
    "fillingDate": "2017-07-31",
    "acceptedDate": "2017-07-31 00:00:00",
    "calendarYear": "2017",
    "period": "Q3",
    "revenue": 4463000000,
    "costOfRevenue": 2314000000,
    "grossProfit": 2149000000,
    "grossProfitRatio": 0.4815146762,
    "researchAndDevelopmentExpenses": 827000000,
    "generalAndAdministrativeExpenses": 200000000,
    "sellingAndMarketingExpenses": 0,
    "sellingGeneralAndAdministrativeExpenses": 200000000,
    "otherExpenses": 12000000,
    "operatingExpenses": 1468000000,
    "costAndExpenses": 3782000000,
    "interestIncome": 0,
    "interestExpense": 112000000,
    "depreciationAndAmortization": 1211000000,
    "ebitda": 1871000000,
    "ebitdaratio": 0.4266188662,
    "operatingIncome": 648000000,
    "operatingIncomeRatio": 0.1451938158,
    "totalOtherIncomeExpensesNet": -100000000,
    "incomeBeforeTax": 548000000,
    "incomeBeforeTaxRatio": 0.1227873628,
    "incomeTaxExpense": 39000000,
    "netIncome": 481000000,
    "netIncomeRatio": 0.1077750392,
    "eps": 0.12,
    "epsdiluted": 0.11,
    "weightedAverageShsOut": 4069999910,
    "weightedAverageShsOutDil": 4449999910,
    "link": null,
    "finalLink": null
  },
  {
    "date": "2017-04-30",
    "symbol": "AVGO",
    "reportedCurrency": "USD",
    "cik": "0001730168",
    "fillingDate": "2017-04-30",
    "acceptedDate": "2017-04-30 00:00:00",
    "calendarYear": "2017",
    "period": "Q2",
    "revenue": 4190000000,
    "costOfRevenue": 2214000000,
    "grossProfit": 1976000000,
    "grossProfitRatio": 0.4715990453,
    "researchAndDevelopmentExpenses": 829000000,
    "generalAndAdministrativeExpenses": 204000000,
    "sellingAndMarketingExpenses": 0,
    "sellingGeneralAndAdministrativeExpenses": 204000000,
    "otherExpenses": 3000000,
    "operatingExpenses": 1475000000,
    "costAndExpenses": 3689000000,
    "interestIncome": 0,
    "interestExpense": 112000000,
    "depreciationAndAmortization": 1193000000,
    "ebitda": 1697000000,
    "ebitdaratio": 0.4050119332,
    "operatingIncome": 474000000,
    "operatingIncomeRatio": 0.1131264916,
    "totalOtherIncomeExpensesNet": -109000000,
    "incomeBeforeTax": 365000000,
    "incomeBeforeTaxRatio": 0.0871121718,
    "incomeTaxExpense": -103000000,
    "netIncome": 440000000,
    "netIncomeRatio": 0.1050119332,
    "eps": 0.11,
    "epsdiluted": 0.11,
    "weightedAverageShsOut": 4029999910,
    "weightedAverageShsOutDil": 4419999910,
    "link": null,
    "finalLink": null
  },
  {
    "date": "2017-01-31",
    "symbol": "AVGO",
    "reportedCurrency": "USD",
    "cik": "0001730168",
    "fillingDate": "2017-01-31",
    "acceptedDate": "2017-01-31 00:00:00",
    "calendarYear": "2017",
    "period": "Q1",
    "revenue": 4139000000,
    "costOfRevenue": 2138000000,
    "grossProfit": 2001000000,
    "grossProfitRatio": 0.4834501087,
    "researchAndDevelopmentExpenses": 808000000,
    "generalAndAdministrativeExpenses": 201000000,
    "sellingAndMarketingExpenses": 0,
    "sellingGeneralAndAdministrativeExpenses": 201000000,
    "otherExpenses": 31000000,
    "operatingExpenses": 1449000000,
    "costAndExpenses": 3587000000,
    "interestIncome": 0,
    "interestExpense": 111000000,
    "depreciationAndAmortization": 1114000000,
    "ebitda": 1697000000,
    "ebitdaratio": 0.410002416,
    "operatingIncome": 506000000,
    "operatingIncomeRatio": 0.1222517516,
    "totalOtherIncomeExpensesNet": -291000000,
    "incomeBeforeTax": 267000000,
    "incomeBeforeTaxRatio": 0.0645083353,
    "incomeTaxExpense": 10000000,
    "netIncome": 239000000,
    "netIncomeRatio": 0.0577434163,
    "eps": 0.06,
    "epsdiluted": 0.057,
    "weightedAverageShsOut": 3989999920,
    "weightedAverageShsOutDil": 4389999910,
    "link": null,
    "finalLink": null
  },
  {
    "date": "2016-10-31",
    "symbol": "AVGO",
    "reportedCurrency": "USD",
    "cik": "0001730168",
    "fillingDate": "2016-10-31",
    "acceptedDate": "2016-10-31 00:00:00",
    "calendarYear": "2016",
    "period": "Q4",
    "revenue": 4136000000,
    "costOfRevenue": 1965000000,
    "grossProfit": 2171000000,
    "grossProfitRatio": 0.5249032882,
    "researchAndDevelopmentExpenses": 806000000,
    "generalAndAdministrativeExpenses": 224000000,
    "sellingAndMarketingExpenses": 0,
    "sellingGeneralAndAdministrativeExpenses": 224000000,
    "otherExpenses": 9000000,
    "operatingExpenses": 1386000000,
    "costAndExpenses": 3351000000,
    "interestIncome": 10000000,
    "interestExpense": 106000000,
    "depreciationAndAmortization": 700000000,
    "ebitda": 1494000000,
    "ebitdaratio": 0.3612185687,
    "operatingIncome": 381000000,
    "operatingIncomeRatio": 0.0921179884,
    "totalOtherIncomeExpensesNet": -566000000,
    "incomeBeforeTax": 235000000,
    "incomeBeforeTaxRatio": 0.0568181818,
    "incomeTaxExpense": 841000000,
    "netIncome": -632000000,
    "netIncomeRatio": -0.1528046422,
    "eps": -0.16,
    "epsdiluted": -0.15,
    "weightedAverageShsOut": 3979999920,
    "weightedAverageShsOutDil": 4209999910,
    "link": null,
    "finalLink": null
  },
  {
    "date": "2016-07-31",
    "symbol": "AVGO",
    "reportedCurrency": "USD",
    "cik": "0001730168",
    "fillingDate": "2016-07-31",
    "acceptedDate": "2016-07-31 00:00:00",
    "calendarYear": "2016",
    "period": "Q3",
    "revenue": 3792000000,
    "costOfRevenue": 2010000000,
    "grossProfit": 1782000000,
    "grossProfitRatio": 0.4699367089,
    "researchAndDevelopmentExpenses": 814000000,
    "generalAndAdministrativeExpenses": 230000000,
    "sellingAndMarketingExpenses": 0,
    "sellingGeneralAndAdministrativeExpenses": 230000000,
    "otherExpenses": 4000000,
    "operatingExpenses": 1772000000,
    "costAndExpenses": 3782000000,
    "interestIncome": 0,
    "interestExpense": 139000000,
    "depreciationAndAmortization": 1058000000,
    "ebitda": 1072000000,
    "ebitdaratio": 0.2827004219,
    "operatingIncome": -264000000,
    "operatingIncomeRatio": -0.0696202532,
    "totalOtherIncomeExpensesNet": -440000000,
    "incomeBeforeTax": -420000000,
    "incomeBeforeTaxRatio": -0.1107594937,
    "incomeTaxExpense": -117000000,
    "netIncome": -298000000,
    "netIncomeRatio": -0.0785864979,
    "eps": -0.0753,
    "epsdiluted": -0.0711,
    "weightedAverageShsOut": 3959999920,
    "weightedAverageShsOutDil": 4189999910,
    "link": null,
    "finalLink": null
  },
  {
    "date": "2016-04-30",
    "symbol": "AVGO",
    "reportedCurrency": "USD",
    "cik": "0001730168",
    "fillingDate": "2016-04-30",
    "acceptedDate": "2016-04-30 00:00:00",
    "calendarYear": "2016",
    "period": "Q2",
    "revenue": 3541000000,
    "costOfRevenue": 2495000000,
    "grossProfit": 1046000000,
    "grossProfitRatio": 0.2953967806,
    "researchAndDevelopmentExpenses": 787000000,
    "generalAndAdministrativeExpenses": 238000000,
    "sellingAndMarketingExpenses": 0,
    "sellingGeneralAndAdministrativeExpenses": 238000000,
    "otherExpenses": -6000000,
    "operatingExpenses": 1760000000,
    "costAndExpenses": 4255000000,
    "interestIncome": 0,
    "interestExpense": 256000000,
    "depreciationAndAmortization": 1040000000,
    "ebitda": -20000000,
    "ebitdaratio": 0.090369952,
    "operatingIncome": -1001000000,
    "operatingIncomeRatio": -0.2826885061,
    "totalOtherIncomeExpensesNet": -315000000,
    "incomeBeforeTax": -1316000000,
    "incomeBeforeTaxRatio": -0.3716464276,
    "incomeTaxExpense": -99000000,
    "netIncome": -1186000000,
    "netIncomeRatio": -0.3349336346,
    "eps": -0.3,
    "epsdiluted": -0.29,
    "weightedAverageShsOut": 3919999920,
    "weightedAverageShsOutDil": 4149999910,
    "link": null,
    "finalLink": null
  },
  {
    "date": "2016-01-31",
    "symbol": "AVGO",
    "reportedCurrency": "USD",
    "cik": "0001730168",
    "fillingDate": "2016-01-31",
    "acceptedDate": "2016-01-31 00:00:00",
    "calendarYear": "2016",
    "period": "Q1",
    "revenue": 1771000000,
    "costOfRevenue": 830000000,
    "grossProfit": 941000000,
    "grossProfitRatio": 0.531338227,
    "researchAndDevelopmentExpenses": 267000000,
    "generalAndAdministrativeExpenses": 114000000,
    "sellingAndMarketingExpenses": 0,
    "sellingGeneralAndAdministrativeExpenses": 114000000,
    "otherExpenses": 3000000,
    "operatingExpenses": 435000000,
    "costAndExpenses": 1265000000,
    "interestIncome": 0,
    "interestExpense": 84000000,
    "depreciationAndAmortization": 244000000,
    "ebitda": 722000000,
    "ebitdaratio": 0.4251835121,
    "operatingIncome": 475000000,
    "operatingIncomeRatio": 0.2682100508,
    "totalOtherIncomeExpensesNet": -113000000,
    "incomeBeforeTax": 394000000,
    "incomeBeforeTaxRatio": 0.222473179,
    "incomeTaxExpense": 17000000,
    "netIncome": 377000000,
    "netIncomeRatio": 0.2128740824,
    "eps": 0.14,
    "epsdiluted": 0.13,
    "weightedAverageShsOut": 2769999940,
    "weightedAverageShsOutDil": 2889999940,
    "link": null,
    "finalLink": null
  },
  {
    "date": "2015-10-31",
    "symbol": "AVGO",
    "reportedCurrency": "USD",
    "cik": "0001730168",
    "fillingDate": "2015-10-31",
    "acceptedDate": "2015-10-31 00:00:00",
    "calendarYear": "2015",
    "period": "Q4",
    "revenue": 1840000000,
    "costOfRevenue": 843000000,
    "grossProfit": 997000000,
    "grossProfitRatio": 0.5418478261,
    "researchAndDevelopmentExpenses": 287000000,
    "generalAndAdministrativeExpenses": 118000000,
    "sellingAndMarketingExpenses": 0,
    "sellingGeneralAndAdministrativeExpenses": 118000000,
    "otherExpenses": 12000000,
    "operatingExpenses": 468000000,
    "costAndExpenses": 1311000000,
    "interestIncome": 8000000,
    "interestExpense": 41000000,
    "depreciationAndAmortization": 250000000,
    "ebitda": 776000000,
    "ebitdaratio": 0.4298913043,
    "operatingIncome": 514000000,
    "operatingIncomeRatio": 0.2793478261,
    "totalOtherIncomeExpensesNet": -29000000,
    "incomeBeforeTax": 485000000,
    "incomeBeforeTaxRatio": 0.2635869565,
    "incomeTaxExpense": 15000000,
    "netIncome": 429000000,
    "netIncomeRatio": 0.2331521739,
    "eps": 0.16,
    "epsdiluted": 0.15,
    "weightedAverageShsOut": 2759999940,
    "weightedAverageShsOutDil": 2869999940,
    "link": null,
    "finalLink": null
  },
  {
    "date": "2015-07-31",
    "symbol": "AVGO",
    "reportedCurrency": "USD",
    "cik": "0001730168",
    "fillingDate": "2015-07-31",
    "acceptedDate": "2015-07-31 00:00:00",
    "calendarYear": "2015",
    "period": "Q3",
    "revenue": 1735000000,
    "costOfRevenue": 851000000,
    "grossProfit": 884000000,
    "grossProfitRatio": 0.5095100865,
    "researchAndDevelopmentExpenses": 276000000,
    "generalAndAdministrativeExpenses": 143000000,
    "sellingAndMarketingExpenses": 0,
    "sellingGeneralAndAdministrativeExpenses": 143000000,
    "otherExpenses": 11000000,
    "operatingExpenses": 487000000,
    "costAndExpenses": 1338000000,
    "interestIncome": 0,
    "interestExpense": 43000000,
    "depreciationAndAmortization": 256000000,
    "ebitda": 566000000,
    "ebitdaratio": 0.3827089337,
    "operatingIncome": 299000000,
    "operatingIncomeRatio": 0.1723342939,
    "totalOtherIncomeExpensesNet": -158000000,
    "incomeBeforeTax": 267000000,
    "incomeBeforeTaxRatio": 0.1538904899,
    "incomeTaxExpense": 23000000,
    "netIncome": 240000000,
    "netIncomeRatio": 0.1383285303,
    "eps": 0.091,
    "epsdiluted": 0.084,
    "weightedAverageShsOut": 2649999940,
    "weightedAverageShsOutDil": 2869999940,
    "link": null,
    "finalLink": null
  },
  {
    "date": "2015-04-30",
    "symbol": "AVGO",
    "reportedCurrency": "USD",
    "cik": "0001730168",
    "fillingDate": "2015-04-30",
    "acceptedDate": "2015-04-30 00:00:00",
    "calendarYear": "2015",
    "period": "Q2",
    "revenue": 1614000000,
    "costOfRevenue": 768000000,
    "grossProfit": 846000000,
    "grossProfitRatio": 0.5241635688,
    "researchAndDevelopmentExpenses": 251000000,
    "generalAndAdministrativeExpenses": 108000000,
    "sellingAndMarketingExpenses": 0,
    "sellingGeneralAndAdministrativeExpenses": 108000000,
    "otherExpenses": -1000000,
    "operatingExpenses": 418000000,
    "costAndExpenses": 1186000000,
    "interestIncome": 0,
    "interestExpense": 53000000,
    "depreciationAndAmortization": 230000000,
    "ebitda": 647000000,
    "ebitdaratio": 0.407063197,
    "operatingIncome": 418000000,
    "operatingIncomeRatio": 0.258983891,
    "totalOtherIncomeExpensesNet": -54000000,
    "incomeBeforeTax": 364000000,
    "incomeBeforeTaxRatio": 0.2255266419,
    "incomeTaxExpense": 25000000,
    "netIncome": 344000000,
    "netIncomeRatio": 0.2131350682,
    "eps": 0.13,
    "epsdiluted": 0.12,
    "weightedAverageShsOut": 2579999940,
    "weightedAverageShsOutDil": 2839999940,
    "link": null,
    "finalLink": null
  },
  {
    "date": "2015-01-31",
    "symbol": "AVGO",
    "reportedCurrency": "USD",
    "cik": "0001730168",
    "fillingDate": "2015-01-31",
    "acceptedDate": "2015-01-31 00:00:00",
    "calendarYear": "2015",
    "period": "Q1",
    "revenue": 1635000000,
    "costOfRevenue": 809000000,
    "grossProfit": 826000000,
    "grossProfitRatio": 0.5051987768,
    "researchAndDevelopmentExpenses": 235000000,
    "generalAndAdministrativeExpenses": 117000000,
    "sellingAndMarketingExpenses": 0,
    "sellingGeneralAndAdministrativeExpenses": 117000000,
    "otherExpenses": 4000000,
    "operatingExpenses": 411000000,
    "costAndExpenses": 1220000000,
    "interestIncome": 0,
    "interestExpense": 54000000,
    "depreciationAndAmortization": 226000000,
    "ebitda": 631000000,
    "ebitdaratio": 0.3944954128,
    "operatingIncome": 401000000,
    "operatingIncomeRatio": 0.2452599388,
    "totalOtherIncomeExpensesNet": -66000000,
    "incomeBeforeTax": 351000000,
    "incomeBeforeTaxRatio": 0.2146788991,
    "incomeTaxExpense": 13000000,
    "netIncome": 351000000,
    "netIncomeRatio": 0.2146788991,
    "eps": 0.14,
    "epsdiluted": 0.13,
    "weightedAverageShsOut": 2549999940,
    "weightedAverageShsOutDil": 2779999940,
    "link": null,
    "finalLink": null
  },
  {
    "date": "2014-10-31",
    "symbol": "AVGO",
    "reportedCurrency": "USD",
    "cik": "0001730168",
    "fillingDate": "2014-10-31",
    "acceptedDate": "2014-10-31 00:00:00",
    "calendarYear": "2014",
    "period": "Q4",
    "revenue": 1590000000,
    "costOfRevenue": 802000000,
    "grossProfit": 788000000,
    "grossProfitRatio": 0.4955974843,
    "researchAndDevelopmentExpenses": 234000000,
    "generalAndAdministrativeExpenses": 129000000,
    "sellingAndMarketingExpenses": 0,
    "sellingGeneralAndAdministrativeExpenses": 129000000,
    "otherExpenses": 16000000,
    "operatingExpenses": 454000000,
    "costAndExpenses": 1256000000,
    "interestIncome": 6000000,
    "interestExpense": 54000000,
    "depreciationAndAmortization": 250000000,
    "ebitda": 567000000,
    "ebitdaratio": 0.3773584906,
    "operatingIncome": 301000000,
    "operatingIncomeRatio": 0.1893081761,
    "totalOtherIncomeExpensesNet": -38000000,
    "incomeBeforeTax": 263000000,
    "incomeBeforeTaxRatio": 0.165408805,
    "incomeTaxExpense": 126000000,
    "netIncome": 135000000,
    "netIncomeRatio": 0.0849056604,
    "eps": 0.053,
    "epsdiluted": 0.05,
    "weightedAverageShsOut": 2539999940,
    "weightedAverageShsOutDil": 2719999940,
    "link": null,
    "finalLink": null
  },
  {
    "date": "2014-07-31",
    "symbol": "AVGO",
    "reportedCurrency": "USD",
    "cik": "0001730168",
    "fillingDate": "2014-07-31",
    "acceptedDate": "2014-07-31 00:00:00",
    "calendarYear": "2014",
    "period": "Q3",
    "revenue": 1269000000,
    "costOfRevenue": 876000000,
    "grossProfit": 393000000,
    "grossProfitRatio": 0.3096926714,
    "researchAndDevelopmentExpenses": 240000000,
    "generalAndAdministrativeExpenses": 137000000,
    "sellingAndMarketingExpenses": 0,
    "sellingGeneralAndAdministrativeExpenses": 137000000,
    "otherExpenses": -2000000,
    "operatingExpenses": 468000000,
    "costAndExpenses": 1344000000,
    "interestIncome": 0,
    "interestExpense": 55000000,
    "depreciationAndAmortization": 257000000,
    "ebitda": 93000000,
    "ebitdaratio": 0.1418439716,
    "operatingIncome": -162000000,
    "operatingIncomeRatio": -0.1276595745,
    "totalOtherIncomeExpensesNet": -155000000,
    "incomeBeforeTax": -219000000,
    "incomeBeforeTaxRatio": -0.1725768322,
    "incomeTaxExpense": -99000000,
    "netIncome": -164000000,
    "netIncomeRatio": -0.1292356186,
    "eps": -0.0656,
    "epsdiluted": -0.0651,
    "weightedAverageShsOut": 2500000000,
    "weightedAverageShsOutDil": 2519999940,
    "link": null,
    "finalLink": null
  },
  {
    "date": "2014-04-30",
    "symbol": "AVGO",
    "reportedCurrency": "USD",
    "cik": "0001730168",
    "fillingDate": "2014-04-30",
    "acceptedDate": "2014-04-30 00:00:00",
    "calendarYear": "2014",
    "period": "Q2",
    "revenue": 701000000,
    "costOfRevenue": 344000000,
    "grossProfit": 357000000,
    "grossProfitRatio": 0.5092724679,
    "researchAndDevelopmentExpenses": 114000000,
    "generalAndAdministrativeExpenses": 67000000,
    "sellingAndMarketingExpenses": 0,
    "sellingGeneralAndAdministrativeExpenses": 67000000,
    "otherExpenses": 8000000,
    "operatingExpenses": 189000000,
    "costAndExpenses": 533000000,
    "interestIncome": 0,
    "interestExpense": 1000000,
    "depreciationAndAmortization": 61000000,
    "ebitda": 229000000,
    "ebitdaratio": 0.3266761769,
    "operatingIncome": 160000000,
    "operatingIncomeRatio": 0.2282453638,
    "totalOtherIncomeExpensesNet": -9000000,
    "incomeBeforeTax": 159000000,
    "incomeBeforeTaxRatio": 0.2268188302,
    "incomeTaxExpense": 1000000,
    "netIncome": 158000000,
    "netIncomeRatio": 0.2253922967,
    "eps": 0.063,
    "epsdiluted": 0.061,
    "weightedAverageShsOut": 2509999940,
    "weightedAverageShsOutDil": 2579999940,
    "link": null,
    "finalLink": null
  },
  {
    "date": "2014-01-31",
    "symbol": "AVGO",
    "reportedCurrency": "USD",
    "cik": "0001730168",
    "fillingDate": "2014-01-31",
    "acceptedDate": "2014-01-31 00:00:00",
    "calendarYear": "2014",
    "period": "Q1",
    "revenue": 709000000,
    "costOfRevenue": 370000000,
    "grossProfit": 339000000,
    "grossProfitRatio": 0.4781382228,
    "researchAndDevelopmentExpenses": 107000000,
    "generalAndAdministrativeExpenses": 74000000,
    "sellingAndMarketingExpenses": 0,
    "sellingGeneralAndAdministrativeExpenses": 74000000,
    "otherExpenses": 7000000,
    "operatingExpenses": 188000000,
    "costAndExpenses": 558000000,
    "interestIncome": 0,
    "interestExpense": 24000000,
    "depreciationAndAmortization": 57000000,
    "ebitda": 213000000,
    "ebitdaratio": 0.3102961918,
    "operatingIncome": 139000000,
    "operatingIncomeRatio": 0.1960507757,
    "totalOtherIncomeExpensesNet": -17000000,
    "incomeBeforeTax": 139000000,
    "incomeBeforeTaxRatio": 0.1960507757,
    "incomeTaxExpense": 5000000,
    "netIncome": 134000000,
    "netIncomeRatio": 0.1889985896,
    "eps": 0.054,
    "epsdiluted": 0.053,
    "weightedAverageShsOut": 2489999950,
    "weightedAverageShsOutDil": 2549999940,
    "link": null,
    "finalLink": null
  },
  {
    "date": "2013-10-31",
    "symbol": "AVGO",
    "reportedCurrency": "USD",
    "cik": "0001730168",
    "fillingDate": "2013-10-31",
    "acceptedDate": "2013-10-31 00:00:00",
    "calendarYear": "2013",
    "period": "Q4",
    "revenue": 738000000,
    "costOfRevenue": 393000000,
    "grossProfit": 345000000,
    "grossProfitRatio": 0.4674796748,
    "researchAndDevelopmentExpenses": 108000000,
    "generalAndAdministrativeExpenses": 60000000,
    "sellingAndMarketingExpenses": 0,
    "sellingGeneralAndAdministrativeExpenses": 60000000,
    "otherExpenses": 11000000,
    "operatingExpenses": 175000000,
    "costAndExpenses": 568000000,
    "interestIncome": 4000000,
    "interestExpense": 0,
    "depreciationAndAmortization": 58000000,
    "ebitda": 237000000,
    "ebitdaratio": 0.3238482385,
    "operatingIncome": 170000000,
    "operatingIncomeRatio": 0.2303523035,
    "totalOtherIncomeExpensesNet": -13000000,
    "incomeBeforeTax": 180000000,
    "incomeBeforeTaxRatio": 0.243902439,
    "incomeTaxExpense": 8000000,
    "netIncome": 172000000,
    "netIncomeRatio": 0.2330623306,
    "eps": 0.069,
    "epsdiluted": 0.068,
    "weightedAverageShsOut": 2479999950,
    "weightedAverageShsOutDil": 2529999940,
    "link": null,
    "finalLink": null
  },
  {
    "date": "2013-07-31",
    "symbol": "AVGO",
    "reportedCurrency": "USD",
    "cik": "0001730168",
    "fillingDate": "2013-07-31",
    "acceptedDate": "2013-07-31 00:00:00",
    "calendarYear": "2013",
    "period": "Q3",
    "revenue": 644000000,
    "costOfRevenue": 340000000,
    "grossProfit": 304000000,
    "grossProfitRatio": 0.4720496894,
    "researchAndDevelopmentExpenses": 101000000,
    "generalAndAdministrativeExpenses": 57000000,
    "sellingAndMarketingExpenses": 0,
    "sellingGeneralAndAdministrativeExpenses": 57000000,
    "otherExpenses": 5000000,
    "operatingExpenses": 164000000,
    "costAndExpenses": 504000000,
    "interestIncome": 0,
    "interestExpense": 1000000,
    "depreciationAndAmortization": 46000000,
    "ebitda": 191000000,
    "ebitdaratio": 0.2965838509,
    "operatingIncome": 140000000,
    "operatingIncomeRatio": 0.2173913043,
    "totalOtherIncomeExpensesNet": 4000000,
    "incomeBeforeTax": 144000000,
    "incomeBeforeTaxRatio": 0.2236024845,
    "incomeTaxExpense": 2000000,
    "netIncome": 142000000,
    "netIncomeRatio": 0.2204968944,
    "eps": 0.057,
    "epsdiluted": 0.056,
    "weightedAverageShsOut": 2479999950,
    "weightedAverageShsOutDil": 2519999940,
    "link": null,
    "finalLink": null
  },
  {
    "date": "2013-04-30",
    "symbol": "AVGO",
    "reportedCurrency": "USD",
    "cik": "0001730168",
    "fillingDate": "2013-04-30",
    "acceptedDate": "2013-04-30 00:00:00",
    "calendarYear": "2013",
    "period": "Q2",
    "revenue": 562000000,
    "costOfRevenue": 290000000,
    "grossProfit": 272000000,
    "grossProfitRatio": 0.4839857651,
    "researchAndDevelopmentExpenses": 95000000,
    "generalAndAdministrativeExpenses": 52000000,
    "sellingAndMarketingExpenses": 0,
    "sellingGeneralAndAdministrativeExpenses": 52000000,
    "otherExpenses": 1000000,
    "operatingExpenses": 153000000,
    "costAndExpenses": 443000000,
    "interestIncome": 0,
    "interestExpense": 1000000,
    "depreciationAndAmortization": 42000000,
    "ebitda": 161000000,
    "ebitdaratio": 0.2882562278,
    "operatingIncome": 118000000,
    "operatingIncomeRatio": 0.2099644128,
    "totalOtherIncomeExpensesNet": -1000000,
    "incomeBeforeTax": 118000000,
    "incomeBeforeTaxRatio": 0.2099644128,
    "incomeTaxExpense": 5000000,
    "netIncome": 113000000,
    "netIncomeRatio": 0.2010676157,
    "eps": 0.046,
    "epsdiluted": 0.045,
    "weightedAverageShsOut": 2459999950,
    "weightedAverageShsOutDil": 2509999940,
    "link": null,
    "finalLink": null
  },
  {
    "date": "2013-01-31",
    "symbol": "AVGO",
    "reportedCurrency": "USD",
    "cik": "0001730168",
    "fillingDate": "2013-01-31",
    "acceptedDate": "2013-01-31 00:00:00",
    "calendarYear": "2013",
    "period": "Q1",
    "revenue": 576000000,
    "costOfRevenue": 300000000,
    "grossProfit": 276000000,
    "grossProfitRatio": 0.4791666667,
    "researchAndDevelopmentExpenses": 93000000,
    "generalAndAdministrativeExpenses": 53000000,
    "sellingAndMarketingExpenses": 0,
    "sellingGeneralAndAdministrativeExpenses": 53000000,
    "otherExpenses": 2000000,
    "operatingExpenses": 151000000,
    "costAndExpenses": 451000000,
    "interestIncome": 0,
    "interestExpense": 1000000,
    "depreciationAndAmortization": 41000000,
    "ebitda": 166000000,
    "ebitdaratio": 0.2916666667,
    "operatingIncome": 124000000,
    "operatingIncomeRatio": 0.2152777778,
    "totalOtherIncomeExpensesNet": 1000000,
    "incomeBeforeTax": 126000000,
    "incomeBeforeTaxRatio": 0.21875,
    "incomeTaxExpense": 1000000,
    "netIncome": 125000000,
    "netIncomeRatio": 0.2170138889,
    "eps": 0.051,
    "epsdiluted": 0.05,
    "weightedAverageShsOut": 2459999950,
    "weightedAverageShsOutDil": 2509999940,
    "link": null,
    "finalLink": null
  },
  {
    "date": "2012-10-31",
    "symbol": "AVGO",
    "reportedCurrency": "USD",
    "cik": "0001730168",
    "fillingDate": "2012-10-31",
    "acceptedDate": "2012-10-31 00:00:00",
    "calendarYear": "2012",
    "period": "Q4",
    "revenue": 618000000,
    "costOfRevenue": 319000000,
    "grossProfit": 299000000,
    "grossProfitRatio": 0.4838187702,
    "researchAndDevelopmentExpenses": 80000000,
    "generalAndAdministrativeExpenses": 49000000,
    "sellingAndMarketingExpenses": 4000000,
    "sellingGeneralAndAdministrativeExpenses": 49000000,
    "otherExpenses": 5000000,
    "operatingExpenses": 134000000,
    "costAndExpenses": 453000000,
    "interestIncome": 0,
    "interestExpense": -1000000,
    "depreciationAndAmortization": 40000000,
    "ebitda": 205000000,
    "ebitdaratio": 0.3317152104,
    "operatingIncome": 164000000,
    "operatingIncomeRatio": 0.2653721683,
    "totalOtherIncomeExpensesNet": -1000000,
    "incomeBeforeTax": 165000000,
    "incomeBeforeTaxRatio": 0.2669902913,
    "incomeTaxExpense": 6000000,
    "netIncome": 159000000,
    "netIncomeRatio": 0.2572815534,
    "eps": 0.065,
    "epsdiluted": 0.063,
    "weightedAverageShsOut": 2460000000,
    "weightedAverageShsOutDil": 2510000000,
    "link": null,
    "finalLink": null
  },
  {
    "date": "2012-07-31",
    "symbol": "AVGO",
    "reportedCurrency": "USD",
    "cik": "0001730168",
    "fillingDate": "2012-07-31",
    "acceptedDate": "2012-07-31 00:00:00",
    "calendarYear": "2012",
    "period": "Q3",
    "revenue": 606000000,
    "costOfRevenue": 311000000,
    "grossProfit": 295000000,
    "grossProfitRatio": 0.4867986799,
    "researchAndDevelopmentExpenses": 89000000,
    "generalAndAdministrativeExpenses": 49000000,
    "sellingAndMarketingExpenses": 0,
    "sellingGeneralAndAdministrativeExpenses": 49000000,
    "otherExpenses": 6000000,
    "operatingExpenses": 144000000,
    "costAndExpenses": 455000000,
    "interestIncome": 0,
    "interestExpense": 1000000,
    "depreciationAndAmortization": 40000000,
    "ebitda": 190000000,
    "ebitdaratio": 0.3151815182,
    "operatingIncome": 149000000,
    "operatingIncomeRatio": 0.2458745875,
    "totalOtherIncomeExpensesNet": 1000000,
    "incomeBeforeTax": 150000000,
    "incomeBeforeTaxRatio": 0.2475247525,
    "incomeTaxExpense": 5000000,
    "netIncome": 145000000,
    "netIncomeRatio": 0.2392739274,
    "eps": 0.059,
    "epsdiluted": 0.058,
    "weightedAverageShsOut": 2449999950,
    "weightedAverageShsOutDil": 2499999950,
    "link": null,
    "finalLink": null
  },
  {
    "date": "2012-04-30",
    "symbol": "AVGO",
    "reportedCurrency": "USD",
    "cik": "0001730168",
    "fillingDate": "2012-04-30",
    "acceptedDate": "2012-04-30 00:00:00",
    "calendarYear": "2012",
    "period": "Q2",
    "revenue": 577000000,
    "costOfRevenue": 299000000,
    "grossProfit": 278000000,
    "grossProfitRatio": 0.4818024263,
    "researchAndDevelopmentExpenses": 84000000,
    "generalAndAdministrativeExpenses": 51000000,
    "sellingAndMarketingExpenses": 0,
    "sellingGeneralAndAdministrativeExpenses": 51000000,
    "otherExpenses": 5000000,
    "operatingExpenses": 140000000,
    "costAndExpenses": 439000000,
    "interestIncome": 0,
    "interestExpense": -2000000,
    "depreciationAndAmortization": 38000000,
    "ebitda": 178000000,
    "ebitdaratio": 0.3050259965,
    "operatingIncome": 137000000,
    "operatingIncomeRatio": 0.2374350087,
    "totalOtherIncomeExpensesNet": 3000000,
    "incomeBeforeTax": 140000000,
    "incomeBeforeTaxRatio": 0.2426343154,
    "incomeTaxExpense": 6000000,
    "netIncome": 134000000,
    "netIncomeRatio": 0.2322357019,
    "eps": 0.055,
    "epsdiluted": 0.054,
    "weightedAverageShsOut": 2439999950,
    "weightedAverageShsOutDil": 2499999950,
    "link": null,
    "finalLink": null
  },
  {
    "date": "2012-01-31",
    "symbol": "AVGO",
    "reportedCurrency": "USD",
    "cik": "0001730168",
    "fillingDate": "2012-01-31",
    "acceptedDate": "2012-01-31 00:00:00",
    "calendarYear": "2012",
    "period": "Q1",
    "revenue": 563000000,
    "costOfRevenue": 293000000,
    "grossProfit": 270000000,
    "grossProfitRatio": 0.4795737123,
    "researchAndDevelopmentExpenses": 82000000,
    "generalAndAdministrativeExpenses": 50000000,
    "sellingAndMarketingExpenses": 0,
    "sellingGeneralAndAdministrativeExpenses": 50000000,
    "otherExpenses": 5000000,
    "operatingExpenses": 137000000,
    "costAndExpenses": 430000000,
    "interestIncome": 0,
    "interestExpense": 1000000,
    "depreciationAndAmortization": 37000000,
    "ebitda": 170000000,
    "ebitdaratio": 0.3019538188,
    "operatingIncome": 132000000,
    "operatingIncomeRatio": 0.2344582593,
    "totalOtherIncomeExpensesNet": -2000000,
    "incomeBeforeTax": 130000000,
    "incomeBeforeTaxRatio": 0.2309058615,
    "incomeTaxExpense": 5000000,
    "netIncome": 125000000,
    "netIncomeRatio": 0.2220248668,
    "eps": 0.051,
    "epsdiluted": 0.05,
    "weightedAverageShsOut": 2449999950,
    "weightedAverageShsOutDil": 2499999950,
    "link": null,
    "finalLink": null
  },
  {
    "date": "2011-10-31",
    "symbol": "AVGO",
    "reportedCurrency": "USD",
    "cik": "0001730168",
    "fillingDate": "2011-10-31",
    "acceptedDate": "2011-10-31 00:00:00",
    "calendarYear": "2011",
    "period": "Q4",
    "revenue": 623000000,
    "costOfRevenue": 319000000,
    "grossProfit": 304000000,
    "grossProfitRatio": 0.4879614767,
    "researchAndDevelopmentExpenses": 83000000,
    "generalAndAdministrativeExpenses": 55000000,
    "sellingAndMarketingExpenses": 0,
    "sellingGeneralAndAdministrativeExpenses": 55000000,
    "otherExpenses": 6000000,
    "operatingExpenses": 144000000,
    "costAndExpenses": 463000000,
    "interestIncome": 0,
    "interestExpense": 2000000,
    "depreciationAndAmortization": 39000000,
    "ebitda": 198000000,
    "ebitdaratio": 0.3210272873,
    "operatingIncome": 159000000,
    "operatingIncomeRatio": 0.2552166934,
    "totalOtherIncomeExpensesNet": 0,
    "incomeBeforeTax": 159000000,
    "incomeBeforeTaxRatio": 0.2552166934,
    "incomeTaxExpense": 5000000,
    "netIncome": 154000000,
    "netIncomeRatio": 0.2471910112,
    "eps": 0.063,
    "epsdiluted": 0.062,
    "weightedAverageShsOut": 2450000000,
    "weightedAverageShsOutDil": 2500000000,
    "link": null,
    "finalLink": null
  },
  {
    "date": "2011-07-31",
    "symbol": "AVGO",
    "reportedCurrency": "USD",
    "cik": "0001730168",
    "fillingDate": "2011-07-31",
    "acceptedDate": "2011-07-31 00:00:00",
    "calendarYear": "2011",
    "period": "Q3",
    "revenue": 603000000,
    "costOfRevenue": 306000000,
    "grossProfit": 297000000,
    "grossProfitRatio": 0.4925373134,
    "researchAndDevelopmentExpenses": 85000000,
    "generalAndAdministrativeExpenses": 60000000,
    "sellingAndMarketingExpenses": 0,
    "sellingGeneralAndAdministrativeExpenses": 60000000,
    "otherExpenses": 5000000,
    "operatingExpenses": 150000000,
    "costAndExpenses": 456000000,
    "interestIncome": 0,
    "interestExpense": 2000000,
    "depreciationAndAmortization": 39000000,
    "ebitda": 184000000,
    "ebitdaratio": 0.3084577114,
    "operatingIncome": 145000000,
    "operatingIncomeRatio": 0.2404643449,
    "totalOtherIncomeExpensesNet": 0,
    "incomeBeforeTax": 145000000,
    "incomeBeforeTaxRatio": 0.2404643449,
    "incomeTaxExpense": 1000000,
    "netIncome": 144000000,
    "netIncomeRatio": 0.2388059701,
    "eps": 0.059,
    "epsdiluted": 0.057,
    "weightedAverageShsOut": 2459999950,
    "weightedAverageShsOutDil": 2529999940,
    "link": null,
    "finalLink": null
  },
  {
    "date": "2011-04-30",
    "symbol": "AVGO",
    "reportedCurrency": "USD",
    "cik": "0001730168",
    "fillingDate": "2011-04-30",
    "acceptedDate": "2011-04-30 00:00:00",
    "calendarYear": "2011",
    "period": "Q2",
    "revenue": 560000000,
    "costOfRevenue": 285000000,
    "grossProfit": 275000000,
    "grossProfitRatio": 0.4910714286,
    "researchAndDevelopmentExpenses": 76000000,
    "generalAndAdministrativeExpenses": 55000000,
    "sellingAndMarketingExpenses": 0,
    "sellingGeneralAndAdministrativeExpenses": 55000000,
    "otherExpenses": 5000000,
    "operatingExpenses": 136000000,
    "costAndExpenses": 421000000,
    "interestIncome": 0,
    "interestExpense": 1000000,
    "depreciationAndAmortization": 38000000,
    "ebitda": 176000000,
    "ebitdaratio": 0.3160714286,
    "operatingIncome": 138000000,
    "operatingIncomeRatio": 0.2464285714,
    "totalOtherIncomeExpensesNet": -1000000,
    "incomeBeforeTax": 137000000,
    "incomeBeforeTaxRatio": 0.2446428571,
    "incomeTaxExpense": 2000000,
    "netIncome": 135000000,
    "netIncomeRatio": 0.2410714286,
    "eps": 0.055,
    "epsdiluted": 0.054,
    "weightedAverageShsOut": 2449999950,
    "weightedAverageShsOutDil": 2519999940,
    "link": null,
    "finalLink": null
  },
  {
    "date": "2011-01-31",
    "symbol": "AVGO",
    "reportedCurrency": "USD",
    "cik": "0001730168",
    "fillingDate": "2011-01-31",
    "acceptedDate": "2011-01-31 00:00:00",
    "calendarYear": "2011",
    "period": "Q1",
    "revenue": 550000000,
    "costOfRevenue": 279000000,
    "grossProfit": 271000000,
    "grossProfitRatio": 0.4927272727,
    "researchAndDevelopmentExpenses": 73000000,
    "generalAndAdministrativeExpenses": 50000000,
    "sellingAndMarketingExpenses": 0,
    "sellingGeneralAndAdministrativeExpenses": 50000000,
    "otherExpenses": 6000000,
    "operatingExpenses": 129000000,
    "costAndExpenses": 408000000,
    "interestIncome": 0,
    "interestExpense": 3000000,
    "depreciationAndAmortization": 41000000,
    "ebitda": 183000000,
    "ebitdaratio": 0.3327272727,
    "operatingIncome": 142000000,
    "operatingIncomeRatio": 0.2581818182,
    "totalOtherIncomeExpensesNet": -22000000,
    "incomeBeforeTax": 120000000,
    "incomeBeforeTaxRatio": 0.2181818182,
    "incomeTaxExpense": 1000000,
    "netIncome": 119000000,
    "netIncomeRatio": 0.2163636364,
    "eps": 0.049,
    "epsdiluted": 0.048,
    "weightedAverageShsOut": 2419999950,
    "weightedAverageShsOutDil": 2499999950,
    "link": null,
    "finalLink": null
  },
  {
    "date": "2010-10-31",
    "symbol": "AVGO",
    "reportedCurrency": "USD",
    "cik": "0001730168",
    "fillingDate": "2010-10-31",
    "acceptedDate": "2010-10-31 00:00:00",
    "calendarYear": "2010",
    "period": "Q4",
    "revenue": 572000000,
    "costOfRevenue": 296000000,
    "grossProfit": 276000000,
    "grossProfitRatio": 0.4825174825,
    "researchAndDevelopmentExpenses": 75000000,
    "generalAndAdministrativeExpenses": 51000000,
    "sellingAndMarketingExpenses": 0,
    "sellingGeneralAndAdministrativeExpenses": 51000000,
    "otherExpenses": 5000000,
    "operatingExpenses": 131000000,
    "costAndExpenses": 427000000,
    "interestIncome": 0,
    "interestExpense": 7000000,
    "depreciationAndAmortization": 40000000,
    "ebitda": 185000000,
    "ebitdaratio": 0.3234265734,
    "operatingIncome": 145000000,
    "operatingIncomeRatio": 0.2534965035,
    "totalOtherIncomeExpensesNet": -7000000,
    "incomeBeforeTax": 138000000,
    "incomeBeforeTaxRatio": 0.2412587413,
    "incomeTaxExpense": -26000000,
    "netIncome": 164000000,
    "netIncomeRatio": 0.2867132867,
    "eps": 0.068,
    "epsdiluted": 0.066,
    "weightedAverageShsOut": 2420000000,
    "weightedAverageShsOutDil": 2500000000,
    "link": null,
    "finalLink": null
  },
  {
    "date": "2010-07-31",
    "symbol": "AVGO",
    "reportedCurrency": "USD",
    "cik": "0001730168",
    "fillingDate": "2010-07-31",
    "acceptedDate": "2010-07-31 00:00:00",
    "calendarYear": "2010",
    "period": "Q3",
    "revenue": 550000000,
    "costOfRevenue": 287000000,
    "grossProfit": 263000000,
    "grossProfitRatio": 0.4781818182,
    "researchAndDevelopmentExpenses": 71000000,
    "generalAndAdministrativeExpenses": 51000000,
    "sellingAndMarketingExpenses": 0,
    "sellingGeneralAndAdministrativeExpenses": 51000000,
    "otherExpenses": 5000000,
    "operatingExpenses": 127000000,
    "costAndExpenses": 414000000,
    "interestIncome": 0,
    "interestExpense": 8000000,
    "depreciationAndAmortization": 40000000,
    "ebitda": 175000000,
    "ebitdaratio": 0.32,
    "operatingIncome": 135000000,
    "operatingIncomeRatio": 0.2454545455,
    "totalOtherIncomeExpensesNet": -8000000,
    "incomeBeforeTax": 127000000,
    "incomeBeforeTaxRatio": 0.2309090909,
    "incomeTaxExpense": 4000000,
    "netIncome": 123000000,
    "netIncomeRatio": 0.2236363636,
    "eps": 0.051,
    "epsdiluted": 0.05,
    "weightedAverageShsOut": 2389999950,
    "weightedAverageShsOutDil": 2469999950,
    "link": null,
    "finalLink": null
  },
  {
    "date": "2010-04-30",
    "symbol": "AVGO",
    "reportedCurrency": "USD",
    "cik": "0001730168",
    "fillingDate": "2010-04-30",
    "acceptedDate": "2010-04-30 00:00:00",
    "calendarYear": "2010",
    "period": "Q2",
    "revenue": 515000000,
    "costOfRevenue": 282000000,
    "grossProfit": 233000000,
    "grossProfitRatio": 0.4524271845,
    "researchAndDevelopmentExpenses": 70000000,
    "generalAndAdministrativeExpenses": 48000000,
    "sellingAndMarketingExpenses": 0,
    "sellingGeneralAndAdministrativeExpenses": 48000000,
    "otherExpenses": 6000000,
    "operatingExpenses": 124000000,
    "costAndExpenses": 406000000,
    "interestIncome": 0,
    "interestExpense": 8000000,
    "depreciationAndAmortization": 40000000,
    "ebitda": 149000000,
    "ebitdaratio": 0.2893203883,
    "operatingIncome": 108000000,
    "operatingIncomeRatio": 0.2097087379,
    "totalOtherIncomeExpensesNet": -9000000,
    "incomeBeforeTax": 99000000,
    "incomeBeforeTaxRatio": 0.1922330097,
    "incomeTaxExpense": 9000000,
    "netIncome": 90000000,
    "netIncomeRatio": 0.1747572816,
    "eps": 0.038,
    "epsdiluted": 0.037,
    "weightedAverageShsOut": 2379999950,
    "weightedAverageShsOutDil": 2459999950,
    "link": null,
    "finalLink": null
  },
  {
    "date": "2010-01-31",
    "symbol": "AVGO",
    "reportedCurrency": "USD",
    "cik": "0001730168",
    "fillingDate": "2010-01-31",
    "acceptedDate": "2010-01-31 00:00:00",
    "calendarYear": "2010",
    "period": "Q1",
    "revenue": 456000000,
    "costOfRevenue": 262000000,
    "grossProfit": 194000000,
    "grossProfitRatio": 0.4254385965,
    "researchAndDevelopmentExpenses": 64000000,
    "generalAndAdministrativeExpenses": 46000000,
    "sellingAndMarketingExpenses": 0,
    "sellingGeneralAndAdministrativeExpenses": 46000000,
    "otherExpenses": 5000000,
    "operatingExpenses": 115000000,
    "costAndExpenses": 377000000,
    "interestIncome": 0,
    "interestExpense": 11000000,
    "depreciationAndAmortization": 39000000,
    "ebitda": 92000000,
    "ebitdaratio": 0.2061403509,
    "operatingIncome": 78000000,
    "operatingIncomeRatio": 0.1710526316,
    "totalOtherIncomeExpensesNet": -36000000,
    "incomeBeforeTax": 42000000,
    "incomeBeforeTaxRatio": 0.0921052632,
    "incomeTaxExpense": 4000000,
    "netIncome": 38000000,
    "netIncomeRatio": 0.0833333333,
    "eps": 0.016,
    "epsdiluted": 0.016,
    "weightedAverageShsOut": 2359999950,
    "weightedAverageShsOutDil": 2439999950,
    "link": null,
    "finalLink": null
  },
  {
    "date": "2009-10-31",
    "symbol": "AVGO",
    "reportedCurrency": "USD",
    "cik": "0001730168",
    "fillingDate": "2009-10-31",
    "acceptedDate": "2009-10-31 00:00:00",
    "calendarYear": "2009",
    "period": "Q4",
    "revenue": 428000000,
    "costOfRevenue": 250000000,
    "grossProfit": 178000000,
    "grossProfitRatio": 0.4158878505,
    "researchAndDevelopmentExpenses": 65000000,
    "generalAndAdministrativeExpenses": 47000000,
    "sellingAndMarketingExpenses": 0,
    "sellingGeneralAndAdministrativeExpenses": 47000000,
    "otherExpenses": 59000000,
    "operatingExpenses": 171000000,
    "costAndExpenses": 421000000,
    "interestIncome": 0,
    "interestExpense": 19000000,
    "depreciationAndAmortization": 40000000,
    "ebitda": 47000000,
    "ebitdaratio": 0.1098130841,
    "operatingIncome": 5000000,
    "operatingIncomeRatio": 0.011682243,
    "totalOtherIncomeExpensesNet": -27000000,
    "incomeBeforeTax": -22000000,
    "incomeBeforeTaxRatio": -0.0514018692,
    "incomeTaxExpense": -1000000,
    "netIncome": -21000000,
    "netIncomeRatio": -0.0490654206,
    "eps": -0.0089,
    "epsdiluted": -0.0086,
    "weightedAverageShsOut": 2360000000,
    "weightedAverageShsOutDil": 2440000000,
    "link": null,
    "finalLink": null
  }
]