[
  {
    "date": "2024-09-30",
    "symbol": "MKSI",
    "reportedCurrency": "USD",
    "cik": "0001049502",
    "fillingDate": "2024-11-07",
    "acceptedDate": "2024-11-07 16:21:04",
    "calendarYear": "2024",
    "period": "Q3",
    "revenue": 896000000,
    "costOfRevenue": 464000000,
    "grossProfit": 432000000,
    "grossProfitRatio": 0.4821428571,
    "researchAndDevelopmentExpenses": 70000000,
    "generalAndAdministrativeExpenses": 0,
    "sellingAndMarketingExpenses": 0,
    "sellingGeneralAndAdministrativeExpenses": 167000000,
    "otherExpenses": 67000000,
    "operatingExpenses": 304000000,
    "costAndExpenses": 768000000,
    "interestIncome": -36000000,
    "interestExpense": 59000000,
    "depreciationAndAmortization": 87000000,
    "ebitda": 221000000,
    "ebitdaratio": 0.2354910714,
    "operatingIncome": 128000000,
    "operatingIncomeRatio": 0.1428571429,
    "totalOtherIncomeExpensesNet": -68000000,
    "incomeBeforeTax": 60000000,
    "incomeBeforeTaxRatio": 0.0669642857,
    "incomeTaxExpense": 2000000,
    "netIncome": 62000000,
    "netIncomeRatio": 0.0691964286,
    "eps": 0.92,
    "epsdiluted": 0.92,
    "weightedAverageShsOut": 67400000,
    "weightedAverageShsOutDil": 67600000,
    "link": "https://www.sec.gov/Archives/edgar/data/1049502/000095017024123394/0000950170-24-123394-index.htm",
    "finalLink": "https://www.sec.gov/Archives/edgar/data/1049502/000095017024123394/mksi-20240930.htm"
  },
  {
    "date": "2024-06-30",
    "symbol": "MKSI",
    "reportedCurrency": "USD",
    "cik": "0001049502",
    "fillingDate": "2024-08-08",
    "acceptedDate": "2024-08-08 13:00:32",
    "calendarYear": "2024",
    "period": "Q2",
    "revenue": 887000000,
    "costOfRevenue": 527000000,
    "grossProfit": 360000000,
    "grossProfitRatio": 0.4058624577,
    "researchAndDevelopmentExpenses": 66000000,
    "generalAndAdministrativeExpenses": 0,
    "sellingAndMarketingExpenses": 0,
    "sellingGeneralAndAdministrativeExpenses": 161000000,
    "otherExpenses": 7000000,
    "operatingExpenses": 227000000,
    "costAndExpenses": 754000000,
    "interestIncome": 18000000,
    "interestExpense": 84000000,
    "depreciationAndAmortization": 87000000,
    "ebitda": 218000000,
    "ebitdaratio": 0.2480270575,
    "operatingIncome": 133000000,
    "operatingIncomeRatio": 0.1499436302,
    "totalOtherIncomeExpensesNet": -105000000,
    "incomeBeforeTax": 22000000,
    "incomeBeforeTaxRatio": 0.0248027057,
    "incomeTaxExpense": -1000000,
    "netIncome": 23000000,
    "netIncomeRatio": 0.0259301015,
    "eps": 0.34,
    "epsdiluted": 0.34,
    "weightedAverageShsOut": 67300000,
    "weightedAverageShsOutDil": 67500000,
    "link": "https://www.sec.gov/Archives/edgar/data/1049502/000095017024093615/0000950170-24-093615-index.htm",
    "finalLink": "https://www.sec.gov/Archives/edgar/data/1049502/000095017024093615/mksi-20240630.htm"
  },
  {
    "date": "2024-03-31",
    "symbol": "MKSI",
    "reportedCurrency": "USD",
    "cik": "0001049502",
    "fillingDate": "2024-05-09",
    "acceptedDate": "2024-05-09 16:46:08",
    "calendarYear": "2024",
    "period": "Q1",
    "revenue": 868000000,
    "costOfRevenue": 515000000,
    "grossProfit": 353000000,
    "grossProfitRatio": 0.4066820276,
    "researchAndDevelopmentExpenses": 70000000,
    "generalAndAdministrativeExpenses": 0,
    "sellingAndMarketingExpenses": 0,
    "sellingGeneralAndAdministrativeExpenses": 170000000,
    "otherExpenses": 3000000,
    "operatingExpenses": 240000000,
    "costAndExpenses": 755000000,
    "interestIncome": 6000000,
    "interestExpense": 87000000,
    "depreciationAndAmortization": 88000000,
    "ebitda": 201000000,
    "ebitdaratio": 0.2315668203,
    "operatingIncome": 113000000,
    "operatingIncomeRatio": 0.1301843318,
    "totalOtherIncomeExpensesNet": -94000000,
    "incomeBeforeTax": 19000000,
    "incomeBeforeTaxRatio": 0.0218894009,
    "incomeTaxExpense": 4000000,
    "netIncome": 15000000,
    "netIncomeRatio": 0.017281106,
    "eps": 0.22,
    "epsdiluted": 0.22,
    "weightedAverageShsOut": 67000000,
    "weightedAverageShsOutDil": 67400000,
    "link": "https://www.sec.gov/Archives/edgar/data/1049502/000095017024057181/0000950170-24-057181-index.htm",
    "finalLink": "https://www.sec.gov/Archives/edgar/data/1049502/000095017024057181/mksi-20240331.htm"
  },
  {
    "date": "2023-12-31",
    "symbol": "MKSI",
    "reportedCurrency": "USD",
    "cik": "0001049502",
    "fillingDate": "2024-02-27",
    "acceptedDate": "2024-02-27 16:01:31",
    "calendarYear": "2023",
    "period": "Q4",
    "revenue": 893000000,
    "costOfRevenue": 552000000,
    "grossProfit": 341000000,
    "grossProfitRatio": 0.3818589026,
    "researchAndDevelopmentExpenses": 70000000,
    "generalAndAdministrativeExpenses": 0,
    "sellingAndMarketingExpenses": 0,
    "sellingGeneralAndAdministrativeExpenses": 160000000,
    "otherExpenses": -2000000,
    "operatingExpenses": 232000000,
    "costAndExpenses": 784000000,
    "interestIncome": 7000000,
    "interestExpense": 90000000,
    "depreciationAndAmortization": 95000000,
    "ebitda": -291000000,
    "ebitdaratio": 0.228443449,
    "operatingIncome": 109000000,
    "operatingIncomeRatio": 0.1220604703,
    "totalOtherIncomeExpensesNet": -104000000,
    "incomeBeforeTax": -79000000,
    "incomeBeforeTaxRatio": -0.0884658455,
    "incomeTaxExpense": -11000000,
    "netIncome": -68000000,
    "netIncomeRatio": -0.0761478163,
    "eps": -1.02,
    "epsdiluted": -1.01,
    "weightedAverageShsOut": 66900000,
    "weightedAverageShsOutDil": 67099999,
    "link": "https://www.sec.gov/Archives/edgar/data/1049502/000095017024021071/0000950170-24-021071-index.htm",
    "finalLink": "https://www.sec.gov/Archives/edgar/data/1049502/000095017024021071/mksi-20231231.htm"
  },
  {
    "date": "2023-09-30",
    "symbol": "MKSI",
    "reportedCurrency": "USD",
    "cik": "0001049502",
    "fillingDate": "2023-11-08",
    "acceptedDate": "2023-11-08 15:39:07",
    "calendarYear": "2023",
    "period": "Q3",
    "revenue": 932000000,
    "costOfRevenue": 506000000,
    "grossProfit": 426000000,
    "grossProfitRatio": 0.4570815451,
    "researchAndDevelopmentExpenses": 71000000,
    "generalAndAdministrativeExpenses": 0,
    "sellingAndMarketingExpenses": 0,
    "sellingGeneralAndAdministrativeExpenses": 167000000,
    "otherExpenses": -7000000,
    "operatingExpenses": 306000000,
    "costAndExpenses": 812000000,
    "interestIncome": 4000000,
    "interestExpense": 93000000,
    "depreciationAndAmortization": 93000000,
    "ebitda": 213000000,
    "ebitdaratio": 0.2253218884,
    "operatingIncome": 118000000,
    "operatingIncomeRatio": 0.1266094421,
    "totalOtherIncomeExpensesNet": -96000000,
    "incomeBeforeTax": 22000000,
    "incomeBeforeTaxRatio": 0.0236051502,
    "incomeTaxExpense": -17000000,
    "netIncome": 39000000,
    "netIncomeRatio": 0.0418454936,
    "eps": 0.58,
    "epsdiluted": 0.58,
    "weightedAverageShsOut": 66900000,
    "weightedAverageShsOutDil": 67099999,
    "link": "https://www.sec.gov/Archives/edgar/data/1049502/000095017023061045/0000950170-23-061045-index.htm",
    "finalLink": "https://www.sec.gov/Archives/edgar/data/1049502/000095017023061045/mksi-20230930.htm"
  },
  {
    "date": "2023-06-30",
    "symbol": "MKSI",
    "reportedCurrency": "USD",
    "cik": "0001049502",
    "fillingDate": "2023-08-04",
    "acceptedDate": "2023-08-04 13:22:08",
    "calendarYear": "2023",
    "period": "Q2",
    "revenue": 1003000000,
    "costOfRevenue": 533000000,
    "grossProfit": 470000000,
    "grossProfitRatio": 0.4685942173,
    "researchAndDevelopmentExpenses": 75000000,
    "generalAndAdministrativeExpenses": 0,
    "sellingAndMarketingExpenses": 0,
    "sellingGeneralAndAdministrativeExpenses": 172000000,
    "otherExpenses": -11000000,
    "operatingExpenses": 323000000,
    "costAndExpenses": 856000000,
    "interestIncome": 4000000,
    "interestExpense": 88000000,
    "depreciationAndAmortization": 101000000,
    "ebitda": -1602000000,
    "ebitdaratio": 0.2402791625,
    "operatingIncome": -1696000000,
    "operatingIncomeRatio": -1.6909272183,
    "totalOtherIncomeExpensesNet": -95000000,
    "incomeBeforeTax": -1791000000,
    "incomeBeforeTaxRatio": -1.7856430708,
    "incomeTaxExpense": -22000000,
    "netIncome": -1769000000,
    "netIncomeRatio": -1.7637088734,
    "eps": -26.48,
    "epsdiluted": -26.48,
    "weightedAverageShsOut": 66800000,
    "weightedAverageShsOutDil": 66800000,
    "link": "https://www.sec.gov/Archives/edgar/data/1049502/000095017023038457/0000950170-23-038457-index.htm",
    "finalLink": "https://www.sec.gov/Archives/edgar/data/1049502/000095017023038457/mksi-20230630.htm"
  },
  {
    "date": "2023-03-31",
    "symbol": "MKSI",
    "reportedCurrency": "USD",
    "cik": "0001049502",
    "fillingDate": "2023-05-05",
    "acceptedDate": "2023-05-05 15:31:44",
    "calendarYear": "2023",
    "period": "Q1",
    "revenue": 794000000,
    "costOfRevenue": 459000000,
    "grossProfit": 335000000,
    "grossProfitRatio": 0.4219143577,
    "researchAndDevelopmentExpenses": 72000000,
    "generalAndAdministrativeExpenses": 0,
    "sellingAndMarketingExpenses": 0,
    "sellingGeneralAndAdministrativeExpenses": 174000000,
    "otherExpenses": 81000000,
    "operatingExpenses": 327000000,
    "costAndExpenses": 786000000,
    "interestIncome": 3000000,
    "interestExpense": 85000000,
    "depreciationAndAmortization": 107000000,
    "ebitda": 113000000,
    "ebitdaratio": 0.1511335013,
    "operatingIncome": 13000000,
    "operatingIncomeRatio": 0.016372796,
    "totalOtherIncomeExpensesNet": -80000000,
    "incomeBeforeTax": -79000000,
    "incomeBeforeTaxRatio": -0.0994962217,
    "incomeTaxExpense": -37000000,
    "netIncome": -42000000,
    "netIncomeRatio": -0.0528967254,
    "eps": -0.63,
    "epsdiluted": -0.63,
    "weightedAverageShsOut": 66700000,
    "weightedAverageShsOutDil": 66700000,
    "link": "https://www.sec.gov/Archives/edgar/data/1049502/000095017023018281/0000950170-23-018281-index.htm",
    "finalLink": "https://www.sec.gov/Archives/edgar/data/1049502/000095017023018281/mksi-20230331.htm"
  },
  {
    "date": "2022-12-31",
    "symbol": "MKSI",
    "reportedCurrency": "USD",
    "cik": "0001049502",
    "fillingDate": "2023-03-14",
    "acceptedDate": "2023-03-14 16:02:23",
    "calendarYear": "2022",
    "period": "Q4",
    "revenue": 1085000000,
    "costOfRevenue": 600000000,
    "grossProfit": 485000000,
    "grossProfitRatio": 0.4470046083,
    "researchAndDevelopmentExpenses": 73000000,
    "generalAndAdministrativeExpenses": 0,
    "sellingAndMarketingExpenses": 0,
    "sellingGeneralAndAdministrativeExpenses": 168000000,
    "otherExpenses": 69000000,
    "operatingExpenses": 310000000,
    "costAndExpenses": 910000000,
    "interestIncome": 2000000,
    "interestExpense": 85000000,
    "depreciationAndAmortization": 96000000,
    "ebitda": 270000000,
    "ebitdaratio": 0.2377880184,
    "operatingIncome": 163000000,
    "operatingIncomeRatio": 0.1502304147,
    "totalOtherIncomeExpensesNet": -97000000,
    "incomeBeforeTax": 65000000,
    "incomeBeforeTaxRatio": 0.0599078341,
    "incomeTaxExpense": 11000000,
    "netIncome": 54000000,
    "netIncomeRatio": 0.0497695853,
    "eps": 0.81,
    "epsdiluted": 0.81,
    "weightedAverageShsOut": 66599999,
    "weightedAverageShsOutDil": 66700000,
    "link": "https://www.sec.gov/Archives/edgar/data/1049502/000095017023007851/0000950170-23-007851-index.htm",
    "finalLink": "https://www.sec.gov/Archives/edgar/data/1049502/000095017023007851/mksi-20221231.htm"
  },
  {
    "date": "2022-09-30",
    "symbol": "MKSI",
    "reportedCurrency": "USD",
    "cik": "0001049502",
    "fillingDate": "2022-11-07",
    "acceptedDate": "2022-11-07 15:40:48",
    "calendarYear": "2022",
    "period": "Q3",
    "revenue": 954000000,
    "costOfRevenue": 564000000,
    "grossProfit": 390000000,
    "grossProfitRatio": 0.4088050314,
    "researchAndDevelopmentExpenses": 63000000,
    "generalAndAdministrativeExpenses": 0,
    "sellingAndMarketingExpenses": 0,
    "sellingGeneralAndAdministrativeExpenses": 126000000,
    "otherExpenses": 47000000,
    "operatingExpenses": 236000000,
    "costAndExpenses": 800000000,
    "interestIncome": 1000000,
    "interestExpense": 80000000,
    "depreciationAndAmortization": 64000000,
    "ebitda": 218000000,
    "ebitdaratio": 0.2306079665,
    "operatingIncome": 118000000,
    "operatingIncomeRatio": 0.1236897275,
    "totalOtherIncomeExpensesNet": -78000000,
    "incomeBeforeTax": 40000000,
    "incomeBeforeTaxRatio": 0.0419287212,
    "incomeTaxExpense": 34000000,
    "netIncome": 6000000,
    "netIncomeRatio": 0.0062893082,
    "eps": 0.0984,
    "epsdiluted": 0.0982,
    "weightedAverageShsOut": 61000000,
    "weightedAverageShsOutDil": 61100000,
    "link": "https://www.sec.gov/Archives/edgar/data/1049502/000095017022022565/0000950170-22-022565-index.htm",
    "finalLink": "https://www.sec.gov/Archives/edgar/data/1049502/000095017022022565/mksi-20220930.htm"
  },
  {
    "date": "2022-06-30",
    "symbol": "MKSI",
    "reportedCurrency": "USD",
    "cik": "0001049502",
    "fillingDate": "2022-08-03",
    "acceptedDate": "2022-08-03 15:24:23",
    "calendarYear": "2022",
    "period": "Q2",
    "revenue": 765000000,
    "costOfRevenue": 427000000,
    "grossProfit": 338000000,
    "grossProfitRatio": 0.4418300654,
    "researchAndDevelopmentExpenses": 53000000,
    "generalAndAdministrativeExpenses": 0,
    "sellingAndMarketingExpenses": 0,
    "sellingGeneralAndAdministrativeExpenses": 101000000,
    "otherExpenses": 15000000,
    "operatingExpenses": 169000000,
    "costAndExpenses": 596000000,
    "interestIncome": 1000000,
    "interestExpense": 7000000,
    "depreciationAndAmortization": 28000000,
    "ebitda": 197000000,
    "ebitdaratio": 0.2562091503,
    "operatingIncome": 164000000,
    "operatingIncomeRatio": 0.214379085,
    "totalOtherIncomeExpensesNet": -8000000,
    "incomeBeforeTax": 156000000,
    "incomeBeforeTaxRatio": 0.2039215686,
    "incomeTaxExpense": 26000000,
    "netIncome": 130000000,
    "netIncomeRatio": 0.1699346405,
    "eps": 2.33,
    "epsdiluted": 2.33,
    "weightedAverageShsOut": 55700000,
    "weightedAverageShsOutDil": 55800000,
    "link": "https://www.sec.gov/Archives/edgar/data/1049502/000095017022014195/0000950170-22-014195-index.htm",
    "finalLink": "https://www.sec.gov/Archives/edgar/data/1049502/000095017022014195/mksi-20220630.htm"
  },
  {
    "date": "2022-03-31",
    "symbol": "MKSI",
    "reportedCurrency": "USD",
    "cik": "0001049502",
    "fillingDate": "2022-05-02",
    "acceptedDate": "2022-05-02 17:17:13",
    "calendarYear": "2022",
    "period": "Q1",
    "revenue": 742000000,
    "costOfRevenue": 408000000,
    "grossProfit": 334000000,
    "grossProfitRatio": 0.4501347709,
    "researchAndDevelopmentExpenses": 52000000,
    "generalAndAdministrativeExpenses": 0,
    "sellingAndMarketingExpenses": 0,
    "sellingGeneralAndAdministrativeExpenses": 92000000,
    "otherExpenses": 15000000,
    "operatingExpenses": 159000000,
    "costAndExpenses": 567000000,
    "interestIncome": 0,
    "interestExpense": 6000000,
    "depreciationAndAmortization": 28000000,
    "ebitda": 203000000,
    "ebitdaratio": 0.2803234501,
    "operatingIncome": 172000000,
    "operatingIncomeRatio": 0.2318059299,
    "totalOtherIncomeExpensesNet": -1000000,
    "incomeBeforeTax": 171000000,
    "incomeBeforeTaxRatio": 0.230458221,
    "incomeTaxExpense": 28000000,
    "netIncome": 143000000,
    "netIncomeRatio": 0.192722372,
    "eps": 2.57,
    "epsdiluted": 2.56,
    "weightedAverageShsOut": 55600000,
    "weightedAverageShsOutDil": 55800000,
    "link": "https://www.sec.gov/Archives/edgar/data/1049502/000095017022006906/0000950170-22-006906-index.htm",
    "finalLink": "https://www.sec.gov/Archives/edgar/data/1049502/000095017022006906/mksi-20220331.htm"
  },
  {
    "date": "2021-12-31",
    "symbol": "MKSI",
    "reportedCurrency": "USD",
    "cik": "0001049502",
    "fillingDate": "2022-02-28",
    "acceptedDate": "2022-02-28 16:28:05",
    "calendarYear": "2021",
    "period": "Q4",
    "revenue": 763900000,
    "costOfRevenue": 409400000,
    "grossProfit": 354500000,
    "grossProfitRatio": 0.4640659772,
    "researchAndDevelopmentExpenses": 51100000,
    "generalAndAdministrativeExpenses": 0,
    "sellingAndMarketingExpenses": 0,
    "sellingGeneralAndAdministrativeExpenses": 96200000,
    "otherExpenses": 2900000,
    "operatingExpenses": 162500000,
    "costAndExpenses": 571900000,
    "interestIncome": 200000,
    "interestExpense": 6300000,
    "depreciationAndAmortization": 28000000,
    "ebitda": 209000000,
    "ebitdaratio": 0.2920539338,
    "operatingIncome": 181800000,
    "operatingIncomeRatio": 0.2379892656,
    "totalOtherIncomeExpensesNet": -3200000,
    "incomeBeforeTax": 178600000,
    "incomeBeforeTaxRatio": 0.2338002356,
    "incomeTaxExpense": 28400000,
    "netIncome": 150200000,
    "netIncomeRatio": 0.1966225946,
    "eps": 2.71,
    "epsdiluted": 2.7,
    "weightedAverageShsOut": 55500000,
    "weightedAverageShsOutDil": 55700000,
    "link": "https://www.sec.gov/Archives/edgar/data/1049502/000156459022007637/0001564590-22-007637-index.htm",
    "finalLink": "https://www.sec.gov/Archives/edgar/data/1049502/000156459022007637/mksi-10k_20211231.htm"
  },
  {
    "date": "2021-09-30",
    "symbol": "MKSI",
    "reportedCurrency": "USD",
    "cik": "0001049502",
    "fillingDate": "2021-11-03",
    "acceptedDate": "2021-11-03 06:04:28",
    "calendarYear": "2021",
    "period": "Q3",
    "revenue": 741900000,
    "costOfRevenue": 393500000,
    "grossProfit": 348400000,
    "grossProfitRatio": 0.4696050681,
    "researchAndDevelopmentExpenses": 51700000,
    "generalAndAdministrativeExpenses": 0,
    "sellingAndMarketingExpenses": 0,
    "sellingGeneralAndAdministrativeExpenses": 95800000,
    "otherExpenses": -2900000,
    "operatingExpenses": 162500000,
    "costAndExpenses": 556000000,
    "interestIncome": 100000,
    "interestExpense": 6300000,
    "depreciationAndAmortization": 27400000,
    "ebitda": 199900000,
    "ebitdaratio": 0.283730961,
    "operatingIncome": 175300000,
    "operatingIncomeRatio": 0.2362852136,
    "totalOtherIncomeExpensesNet": -9100000,
    "incomeBeforeTax": 166200000,
    "incomeBeforeTaxRatio": 0.2240194096,
    "incomeTaxExpense": 33800000,
    "netIncome": 132000000,
    "netIncomeRatio": 0.1779215528,
    "eps": 2.39,
    "epsdiluted": 2.38,
    "weightedAverageShsOut": 55500000,
    "weightedAverageShsOutDil": 55700000,
    "link": "https://www.sec.gov/Archives/edgar/data/1049502/000156459021053711/0001564590-21-053711-index.htm",
    "finalLink": "https://www.sec.gov/Archives/edgar/data/1049502/000156459021053711/mksi-10q_20210930.htm"
  },
  {
    "date": "2021-06-30",
    "symbol": "MKSI",
    "reportedCurrency": "USD",
    "cik": "0001049502",
    "fillingDate": "2021-08-05",
    "acceptedDate": "2021-08-05 11:07:54",
    "calendarYear": "2021",
    "period": "Q2",
    "revenue": 749900000,
    "costOfRevenue": 394700000,
    "grossProfit": 355200000,
    "grossProfitRatio": 0.4736631551,
    "researchAndDevelopmentExpenses": 50000000,
    "generalAndAdministrativeExpenses": 0,
    "sellingAndMarketingExpenses": 0,
    "sellingGeneralAndAdministrativeExpenses": 97200000,
    "otherExpenses": -7500000,
    "operatingExpenses": 159900000,
    "costAndExpenses": 554600000,
    "interestIncome": 100000,
    "interestExpense": 6400000,
    "depreciationAndAmortization": 24900000,
    "ebitda": 203800000,
    "ebitdaratio": 0.2837711695,
    "operatingIncome": 186300000,
    "operatingIncomeRatio": 0.2484331244,
    "totalOtherIncomeExpensesNet": -13500000,
    "incomeBeforeTax": 172500000,
    "incomeBeforeTaxRatio": 0.2300306708,
    "incomeTaxExpense": 26000000,
    "netIncome": 146000000,
    "netIncomeRatio": 0.1946926257,
    "eps": 2.64,
    "epsdiluted": 2.63,
    "weightedAverageShsOut": 55400000,
    "weightedAverageShsOutDil": 55700000,
    "link": "https://www.sec.gov/Archives/edgar/data/1049502/000156459021041287/0001564590-21-041287-index.htm",
    "finalLink": "https://www.sec.gov/Archives/edgar/data/1049502/000156459021041287/mksi-10q_20210630.htm"
  },
  {
    "date": "2021-03-31",
    "symbol": "MKSI",
    "reportedCurrency": "USD",
    "cik": "0001049502",
    "fillingDate": "2021-05-04",
    "acceptedDate": "2021-05-04 16:03:28",
    "calendarYear": "2021",
    "period": "Q1",
    "revenue": 693900000,
    "costOfRevenue": 371800000,
    "grossProfit": 322100000,
    "grossProfitRatio": 0.4641879233,
    "researchAndDevelopmentExpenses": 47200000,
    "generalAndAdministrativeExpenses": 0,
    "sellingAndMarketingExpenses": 0,
    "sellingGeneralAndAdministrativeExpenses": 95900000,
    "otherExpenses": -1100000,
    "operatingExpenses": 155500000,
    "costAndExpenses": 527300000,
    "interestIncome": 200000,
    "interestExpense": 6400000,
    "depreciationAndAmortization": 23800000,
    "ebitda": 178400000,
    "ebitdaratio": 0.2730941058,
    "operatingIncome": 155500000,
    "operatingIncomeRatio": 0.224095691,
    "totalOtherIncomeExpensesNet": -7800000,
    "incomeBeforeTax": 148200000,
    "incomeBeforeTaxRatio": 0.2135754431,
    "incomeTaxExpense": 25900000,
    "netIncome": 122000000,
    "netIncomeRatio": 0.1758178412,
    "eps": 2.21,
    "epsdiluted": 2.2,
    "weightedAverageShsOut": 55300000,
    "weightedAverageShsOutDil": 55600000,
    "link": "https://www.sec.gov/Archives/edgar/data/1049502/000156459021023317/0001564590-21-023317-index.htm",
    "finalLink": "https://www.sec.gov/Archives/edgar/data/1049502/000156459021023317/mksi-10q_20210331.htm"
  },
  {
    "date": "2020-12-31",
    "symbol": "MKSI",
    "reportedCurrency": "USD",
    "cik": "0001049502",
    "fillingDate": "2021-02-23",
    "acceptedDate": "2021-02-23 17:04:32",
    "calendarYear": "2020",
    "period": "Q4",
    "revenue": 660200000,
    "costOfRevenue": 358600000,
    "grossProfit": 301600000,
    "grossProfitRatio": 0.4568312633,
    "researchAndDevelopmentExpenses": 45400000,
    "generalAndAdministrativeExpenses": 87200000,
    "sellingAndMarketingExpenses": 5600000,
    "sellingGeneralAndAdministrativeExpenses": 92800000,
    "otherExpenses": -100000,
    "operatingExpenses": 150800000,
    "costAndExpenses": 509400000,
    "interestIncome": 300000,
    "interestExpense": 6400000,
    "depreciationAndAmortization": 23400000,
    "ebitda": 174200000,
    "ebitdaratio": 0.264162375,
    "operatingIncome": 146700000,
    "operatingIncomeRatio": 0.2222053923,
    "totalOtherIncomeExpensesNet": -6200000,
    "incomeBeforeTax": 140500000,
    "incomeBeforeTaxRatio": 0.2128142987,
    "incomeTaxExpense": 24900000,
    "netIncome": 115600000,
    "netIncomeRatio": 0.175098455,
    "eps": 2.09,
    "epsdiluted": 2.08,
    "weightedAverageShsOut": 55200000,
    "weightedAverageShsOutDil": 55500000,
    "link": "https://www.sec.gov/Archives/edgar/data/1049502/000156459021007630/0001564590-21-007630-index.htm",
    "finalLink": "https://www.sec.gov/Archives/edgar/data/1049502/000156459021007630/mksi-10k_20201231.htm"
  },
  {
    "date": "2020-09-30",
    "symbol": "MKSI",
    "reportedCurrency": "USD",
    "cik": "0001049502",
    "fillingDate": "2020-11-03",
    "acceptedDate": "2020-11-03 14:17:54",
    "calendarYear": "2020",
    "period": "Q3",
    "revenue": 589800000,
    "costOfRevenue": 327800000,
    "grossProfit": 262000000,
    "grossProfitRatio": 0.4442183791,
    "researchAndDevelopmentExpenses": 42500000,
    "generalAndAdministrativeExpenses": 0,
    "sellingAndMarketingExpenses": 0,
    "sellingGeneralAndAdministrativeExpenses": 87000000,
    "otherExpenses": -1100000,
    "operatingExpenses": 142000000,
    "costAndExpenses": 469800000,
    "interestIncome": 100000,
    "interestExpense": 6600000,
    "depreciationAndAmortization": 23300000,
    "ebitda": 143300000,
    "ebitdaratio": 0.2412682265,
    "operatingIncome": 116400000,
    "operatingIncomeRatio": 0.1973550356,
    "totalOtherIncomeExpensesNet": -7600000,
    "incomeBeforeTax": 108800000,
    "incomeBeforeTaxRatio": 0.1844693116,
    "incomeTaxExpense": 17100000,
    "netIncome": 91700000,
    "netIncomeRatio": 0.1554764327,
    "eps": 1.66,
    "epsdiluted": 1.66,
    "weightedAverageShsOut": 55200000,
    "weightedAverageShsOutDil": 55400000,
    "link": "https://www.sec.gov/Archives/edgar/data/1049502/000156459020049959/0001564590-20-049959-index.htm",
    "finalLink": "https://www.sec.gov/Archives/edgar/data/1049502/000156459020049959/mksi-10q_20200930.htm"
  },
  {
    "date": "2020-06-30",
    "symbol": "MKSI",
    "reportedCurrency": "USD",
    "cik": "0001049502",
    "fillingDate": "2020-08-03",
    "acceptedDate": "2020-08-03 15:15:33",
    "calendarYear": "2020",
    "period": "Q2",
    "revenue": 544300000,
    "costOfRevenue": 298000000,
    "grossProfit": 246300000,
    "grossProfitRatio": 0.4525078082,
    "researchAndDevelopmentExpenses": 42800000,
    "generalAndAdministrativeExpenses": 0,
    "sellingAndMarketingExpenses": 0,
    "sellingGeneralAndAdministrativeExpenses": 86100000,
    "otherExpenses": -1500000,
    "operatingExpenses": 142700000,
    "costAndExpenses": 440700000,
    "interestIncome": 300000,
    "interestExpense": 7200000,
    "depreciationAndAmortization": 24100000,
    "ebitda": 127700000,
    "ebitdaratio": 0.2324085982,
    "operatingIncome": 100800000,
    "operatingIncomeRatio": 0.1851919897,
    "totalOtherIncomeExpensesNet": -8400000,
    "incomeBeforeTax": 92400000,
    "incomeBeforeTaxRatio": 0.1697593239,
    "incomeTaxExpense": 18700000,
    "netIncome": 73700000,
    "netIncomeRatio": 0.1354032703,
    "eps": 1.34,
    "epsdiluted": 1.33,
    "weightedAverageShsOut": 55100000,
    "weightedAverageShsOutDil": 55300000,
    "link": "https://www.sec.gov/Archives/edgar/data/1049502/000156459020035460/0001564590-20-035460-index.htm",
    "finalLink": "https://www.sec.gov/Archives/edgar/data/1049502/000156459020035460/mksi-10q_20200630.htm"
  },
  {
    "date": "2020-03-31",
    "symbol": "MKSI",
    "reportedCurrency": "USD",
    "cik": "0001049502",
    "fillingDate": "2020-05-06",
    "acceptedDate": "2020-05-06 10:41:52",
    "calendarYear": "2020",
    "period": "Q1",
    "revenue": 535700000,
    "costOfRevenue": 296100000,
    "grossProfit": 239600000,
    "grossProfitRatio": 0.4472652604,
    "researchAndDevelopmentExpenses": 42400000,
    "generalAndAdministrativeExpenses": 87200000,
    "sellingAndMarketingExpenses": 0,
    "sellingGeneralAndAdministrativeExpenses": 87200000,
    "otherExpenses": -400000,
    "operatingExpenses": 145900000,
    "costAndExpenses": 442000000,
    "interestIncome": 700000,
    "interestExpense": 8900000,
    "depreciationAndAmortization": 28400000,
    "ebitda": 122100000,
    "ebitdaratio": 0.228486093,
    "operatingIncome": 89900000,
    "operatingIncomeRatio": 0.1678178085,
    "totalOtherIncomeExpensesNet": -8600000,
    "incomeBeforeTax": 81300000,
    "incomeBeforeTaxRatio": 0.151764047,
    "incomeTaxExpense": 12200000,
    "netIncome": 69100000,
    "netIncomeRatio": 0.1289901064,
    "eps": 1.26,
    "epsdiluted": 1.25,
    "weightedAverageShsOut": 54900000,
    "weightedAverageShsOutDil": 55200000,
    "link": "https://www.sec.gov/Archives/edgar/data/1049502/000156459020021621/0001564590-20-021621-index.htm",
    "finalLink": "https://www.sec.gov/Archives/edgar/data/1049502/000156459020021621/mksi-10q_20200331.htm"
  },
  {
    "date": "2019-12-31",
    "symbol": "MKSI",
    "reportedCurrency": "USD",
    "cik": "0001049502",
    "fillingDate": "2020-02-28",
    "acceptedDate": "2020-02-28 15:20:21",
    "calendarYear": "2019",
    "period": "Q4",
    "revenue": 499700000,
    "costOfRevenue": 283400000,
    "grossProfit": 216300000,
    "grossProfitRatio": 0.4328597158,
    "researchAndDevelopmentExpenses": 41700000,
    "generalAndAdministrativeExpenses": 82554000,
    "sellingAndMarketingExpenses": -54000,
    "sellingGeneralAndAdministrativeExpenses": 82500000,
    "otherExpenses": -3100000,
    "operatingExpenses": 141300000,
    "costAndExpenses": 424700000,
    "interestIncome": 1000000,
    "interestExpense": 8800000,
    "depreciationAndAmortization": 30171000,
    "ebitda": -15848000,
    "ebitdaratio": 0.2061236742,
    "operatingIncome": 66100000,
    "operatingIncomeRatio": 0.1322793676,
    "totalOtherIncomeExpensesNet": -10863000,
    "incomeBeforeTax": 55200000,
    "incomeBeforeTaxRatio": 0.1104662798,
    "incomeTaxExpense": 12500000,
    "netIncome": 42764000,
    "netIncomeRatio": 0.0855793476,
    "eps": 0.78,
    "epsdiluted": 0.77,
    "weightedAverageShsOut": 55000000,
    "weightedAverageShsOutDil": 55400000,
    "link": "https://www.sec.gov/Archives/edgar/data/1049502/000119312520056028/0001193125-20-056028-index.htm",
    "finalLink": "https://www.sec.gov/Archives/edgar/data/1049502/000119312520056028/d114808d10k.htm"
  },
  {
    "date": "2019-09-30",
    "symbol": "MKSI",
    "reportedCurrency": "USD",
    "cik": "0001049502",
    "fillingDate": "2019-11-06",
    "acceptedDate": "2019-11-06 15:30:55",
    "calendarYear": "2019",
    "period": "Q3",
    "revenue": 462451000,
    "costOfRevenue": 257447000,
    "grossProfit": 205004000,
    "grossProfitRatio": 0.4432988576,
    "researchAndDevelopmentExpenses": 41566000,
    "generalAndAdministrativeExpenses": 82101000,
    "sellingAndMarketingExpenses": 0,
    "sellingGeneralAndAdministrativeExpenses": 82101000,
    "otherExpenses": 914000,
    "operatingExpenses": 140687000,
    "costAndExpenses": 398134000,
    "interestIncome": 1230000,
    "interestExpense": 13542000,
    "depreciationAndAmortization": 27200000,
    "ebitda": 91400000,
    "ebitdaratio": 0.2011607716,
    "operatingIncome": 66820000,
    "operatingIncomeRatio": 0.1444909839,
    "totalOtherIncomeExpensesNet": -11398000,
    "incomeBeforeTax": 55422000,
    "incomeBeforeTaxRatio": 0.1198440483,
    "incomeTaxExpense": 7994000,
    "netIncome": 47400000,
    "netIncomeRatio": 0.1024973457,
    "eps": 0.86,
    "epsdiluted": 0.86,
    "weightedAverageShsOut": 54945000,
    "weightedAverageShsOutDil": 55204000,
    "link": "https://www.sec.gov/Archives/edgar/data/1049502/000119312519285827/0001193125-19-285827-index.htm",
    "finalLink": "https://www.sec.gov/Archives/edgar/data/1049502/000119312519285827/d799075d10q.htm"
  },
  {
    "date": "2019-06-30",
    "symbol": "MKSI",
    "reportedCurrency": "USD",
    "cik": "0001049502",
    "fillingDate": "2019-08-07",
    "acceptedDate": "2019-08-07 16:35:55",
    "calendarYear": "2019",
    "period": "Q2",
    "revenue": 474110000,
    "costOfRevenue": 263083000,
    "grossProfit": 211027000,
    "grossProfitRatio": 0.4451013478,
    "researchAndDevelopmentExpenses": 41855000,
    "generalAndAdministrativeExpenses": 83236000,
    "sellingAndMarketingExpenses": 0,
    "sellingGeneralAndAdministrativeExpenses": 83236000,
    "otherExpenses": -788000,
    "operatingExpenses": 142643000,
    "costAndExpenses": 405726000,
    "interestIncome": 1423000,
    "interestExpense": 12674000,
    "depreciationAndAmortization": 27500000,
    "ebitda": 98300000,
    "ebitdaratio": 0.2034612221,
    "operatingIncome": 63902000,
    "operatingIncomeRatio": 0.1347830672,
    "totalOtherIncomeExpensesNet": -12037000,
    "incomeBeforeTax": 51863000,
    "incomeBeforeTaxRatio": 0.1093902259,
    "incomeTaxExpense": 14124000,
    "netIncome": 37700000,
    "netIncomeRatio": 0.0795174116,
    "eps": 0.69,
    "epsdiluted": 0.68,
    "weightedAverageShsOut": 54800000,
    "weightedAverageShsOutDil": 55100000,
    "link": "https://www.sec.gov/Archives/edgar/data/1049502/000119312519215393/0001193125-19-215393-index.htm",
    "finalLink": "https://www.sec.gov/Archives/edgar/data/1049502/000119312519215393/d760840d10q.htm"
  },
  {
    "date": "2019-03-31",
    "symbol": "MKSI",
    "reportedCurrency": "USD",
    "cik": "0001049502",
    "fillingDate": "2019-05-08",
    "acceptedDate": "2019-05-08 14:03:15",
    "calendarYear": "2019",
    "period": "Q1",
    "revenue": 463561000,
    "costOfRevenue": 265443000,
    "grossProfit": 198118000,
    "grossProfitRatio": 0.427382804,
    "researchAndDevelopmentExpenses": 38933000,
    "generalAndAdministrativeExpenses": 82455000,
    "sellingAndMarketingExpenses": 0,
    "sellingGeneralAndAdministrativeExpenses": 82455000,
    "otherExpenses": -325000,
    "operatingExpenses": 137115000,
    "costAndExpenses": 402558000,
    "interestIncome": 1714000,
    "interestExpense": 9119000,
    "depreciationAndAmortization": 25200000,
    "ebitda": 81756000,
    "ebitdaratio": 0.1763651386,
    "operatingIncome": 23066000,
    "operatingIncomeRatio": 0.0497582842,
    "totalOtherIncomeExpensesNet": -7764000,
    "incomeBeforeTax": 15336000,
    "incomeBeforeTaxRatio": 0.0330830247,
    "incomeTaxExpense": 2881000,
    "netIncome": 12500000,
    "netIncomeRatio": 0.0269651675,
    "eps": 0.23,
    "epsdiluted": 0.23,
    "weightedAverageShsOut": 54100000,
    "weightedAverageShsOutDil": 54800000,
    "link": "https://www.sec.gov/Archives/edgar/data/1049502/000119312519141157/0001193125-19-141157-index.htm",
    "finalLink": "https://www.sec.gov/Archives/edgar/data/1049502/000119312519141157/d692379d10q.htm"
  },
  {
    "date": "2018-12-31",
    "symbol": "MKSI",
    "reportedCurrency": "USD",
    "cik": "0001049502",
    "fillingDate": "2019-02-26",
    "acceptedDate": "2019-02-26 15:08:49",
    "calendarYear": "2018",
    "period": "Q4",
    "revenue": 460541000,
    "costOfRevenue": 250657000,
    "grossProfit": 209884000,
    "grossProfitRatio": 0.4557335829,
    "researchAndDevelopmentExpenses": 32461000,
    "generalAndAdministrativeExpenses": 68166000,
    "sellingAndMarketingExpenses": 0,
    "sellingGeneralAndAdministrativeExpenses": 68166000,
    "otherExpenses": -763000,
    "operatingExpenses": 111362000,
    "costAndExpenses": 362019000,
    "interestIncome": 1698000,
    "interestExpense": 3871000,
    "depreciationAndAmortization": 19947000,
    "ebitda": 119469000,
    "ebitdaratio": 0.2592689902,
    "operatingIncome": 94084000,
    "operatingIncomeRatio": 0.2042901718,
    "totalOtherIncomeExpensesNet": -2936000,
    "incomeBeforeTax": 91148000,
    "incomeBeforeTaxRatio": 0.1979150608,
    "incomeTaxExpense": 19512000,
    "netIncome": 71636000,
    "netIncomeRatio": 0.1555474974,
    "eps": 1.33,
    "epsdiluted": 1.32,
    "weightedAverageShsOut": 54005000,
    "weightedAverageShsOutDil": 54454000,
    "link": "https://www.sec.gov/Archives/edgar/data/1049502/000119312519051798/0001193125-19-051798-index.htm",
    "finalLink": "https://www.sec.gov/Archives/edgar/data/1049502/000119312519051798/d669860d10k.htm"
  },
  {
    "date": "2018-09-30",
    "symbol": "MKSI",
    "reportedCurrency": "USD",
    "cik": "0001049502",
    "fillingDate": "2018-11-06",
    "acceptedDate": "2018-11-06 13:37:56",
    "calendarYear": "2018",
    "period": "Q3",
    "revenue": 487152000,
    "costOfRevenue": 255292000,
    "grossProfit": 231860000,
    "grossProfitRatio": 0.4759500115,
    "researchAndDevelopmentExpenses": 31898000,
    "generalAndAdministrativeExpenses": 70822000,
    "sellingAndMarketingExpenses": 0,
    "sellingGeneralAndAdministrativeExpenses": 70822000,
    "otherExpenses": -326000,
    "operatingExpenses": 113415000,
    "costAndExpenses": 368707000,
    "interestIncome": 1516000,
    "interestExpense": 3719000,
    "depreciationAndAmortization": 19529000,
    "ebitda": 137974000,
    "ebitdaratio": 0.2856685388,
    "operatingIncome": 117045000,
    "operatingIncomeRatio": 0.2402638191,
    "totalOtherIncomeExpensesNet": -2529000,
    "incomeBeforeTax": 114516000,
    "incomeBeforeTaxRatio": 0.2350724209,
    "incomeTaxExpense": 21239000,
    "netIncome": 93277000,
    "netIncomeRatio": 0.191474119,
    "eps": 1.71,
    "epsdiluted": 1.7,
    "weightedAverageShsOut": 54476000,
    "weightedAverageShsOutDil": 54954000,
    "link": "https://www.sec.gov/Archives/edgar/data/1049502/000156459018027272/0001564590-18-027272-index.htm",
    "finalLink": "https://www.sec.gov/Archives/edgar/data/1049502/000156459018027272/mksi-10q_20180930.htm"
  },
  {
    "date": "2018-06-30",
    "symbol": "MKSI",
    "reportedCurrency": "USD",
    "cik": "0001049502",
    "fillingDate": "2018-08-07",
    "acceptedDate": "2018-08-07 13:03:27",
    "calendarYear": "2018",
    "period": "Q2",
    "revenue": 573140000,
    "costOfRevenue": 298263000,
    "grossProfit": 274877000,
    "grossProfitRatio": 0.4795983529,
    "researchAndDevelopmentExpenses": 36504000,
    "generalAndAdministrativeExpenses": 76559000,
    "sellingAndMarketingExpenses": -378000,
    "sellingGeneralAndAdministrativeExpenses": 76181000,
    "otherExpenses": -281000,
    "operatingExpenses": 123586000,
    "costAndExpenses": 421849000,
    "interestIncome": 1456000,
    "interestExpense": 3922000,
    "depreciationAndAmortization": 19885000,
    "ebitda": 171176000,
    "ebitdaratio": 0.300054088,
    "operatingIncome": 151291000,
    "operatingIncomeRatio": 0.2639686639,
    "totalOtherIncomeExpensesNet": -2747000,
    "incomeBeforeTax": 148544000,
    "incomeBeforeTaxRatio": 0.2591757686,
    "incomeTaxExpense": 25682000,
    "netIncome": 122862000,
    "netIncomeRatio": 0.2143664724,
    "eps": 2.25,
    "epsdiluted": 2.22,
    "weightedAverageShsOut": 54719000,
    "weightedAverageShsOutDil": 55274000,
    "link": "https://www.sec.gov/Archives/edgar/data/1049502/000119312518240747/0001193125-18-240747-index.htm",
    "finalLink": "https://www.sec.gov/Archives/edgar/data/1049502/000119312518240747/d588463d10q.htm"
  },
  {
    "date": "2018-03-31",
    "symbol": "MKSI",
    "reportedCurrency": "USD",
    "cik": "0001049502",
    "fillingDate": "2018-05-08",
    "acceptedDate": "2018-05-08 13:53:42",
    "calendarYear": "2018",
    "period": "Q1",
    "revenue": 554275000,
    "costOfRevenue": 291420000,
    "grossProfit": 262855000,
    "grossProfitRatio": 0.474232105,
    "researchAndDevelopmentExpenses": 34857000,
    "generalAndAdministrativeExpenses": 82949000,
    "sellingAndMarketingExpenses": 0,
    "sellingGeneralAndAdministrativeExpenses": 82949000,
    "otherExpenses": -572000,
    "operatingExpenses": 129996000,
    "costAndExpenses": 421416000,
    "interestIncome": 1105000,
    "interestExpense": 5430000,
    "depreciationAndAmortization": 20492000,
    "ebitda": 153351000,
    "ebitdaratio": 0.2776311398,
    "operatingIncome": 131639000,
    "operatingIncomeRatio": 0.237497632,
    "totalOtherIncomeExpensesNet": -4897000,
    "incomeBeforeTax": 126742000,
    "incomeBeforeTaxRatio": 0.2286626674,
    "incomeTaxExpense": 21621000,
    "netIncome": 105121000,
    "netIncomeRatio": 0.1896549547,
    "eps": 1.93,
    "epsdiluted": 1.9,
    "weightedAverageShsOut": 54423000,
    "weightedAverageShsOutDil": 55286000,
    "link": "https://www.sec.gov/Archives/edgar/data/1049502/000119312518155740/0001193125-18-155740-index.htm",
    "finalLink": "https://www.sec.gov/Archives/edgar/data/1049502/000119312518155740/d573767d10q.htm"
  },
  {
    "date": "2017-12-31",
    "symbol": "MKSI",
    "reportedCurrency": "USD",
    "cik": "0001049502",
    "fillingDate": "2018-02-28",
    "acceptedDate": "2018-02-28 10:31:37",
    "calendarYear": "2017",
    "period": "Q4",
    "revenue": 511800000,
    "costOfRevenue": 273474000,
    "grossProfit": 238326000,
    "grossProfitRatio": 0.4656623681,
    "researchAndDevelopmentExpenses": 33045000,
    "generalAndAdministrativeExpenses": 72510000,
    "sellingAndMarketingExpenses": 0,
    "sellingGeneralAndAdministrativeExpenses": 72510000,
    "otherExpenses": -2155000,
    "operatingExpenses": 116352000,
    "costAndExpenses": 389826000,
    "interestIncome": 1125000,
    "interestExpense": 7989000,
    "depreciationAndAmortization": 20006000,
    "ebitda": 141980000,
    "ebitdaratio": 0.2754005471,
    "operatingIncome": 120016000,
    "operatingIncomeRatio": 0.2344978507,
    "totalOtherIncomeExpensesNet": -9019000,
    "incomeBeforeTax": 110997000,
    "incomeBeforeTaxRatio": 0.2168757327,
    "incomeTaxExpense": 33359000,
    "netIncome": 77638000,
    "netIncomeRatio": 0.151695975,
    "eps": 1.43,
    "epsdiluted": 1.41,
    "weightedAverageShsOut": 54318000,
    "weightedAverageShsOutDil": 55236000,
    "link": "https://www.sec.gov/Archives/edgar/data/1049502/000119312518062607/0001193125-18-062607-index.htm",
    "finalLink": "https://www.sec.gov/Archives/edgar/data/1049502/000119312518062607/d455647d10k.htm"
  },
  {
    "date": "2017-09-30",
    "symbol": "MKSI",
    "reportedCurrency": "USD",
    "cik": "0001049502",
    "fillingDate": "2017-11-03",
    "acceptedDate": "2017-11-03 12:27:14",
    "calendarYear": "2017",
    "period": "Q3",
    "revenue": 486267000,
    "costOfRevenue": 258272000,
    "grossProfit": 227995000,
    "grossProfitRatio": 0.4688679265,
    "researchAndDevelopmentExpenses": 32548000,
    "generalAndAdministrativeExpenses": 71839000,
    "sellingAndMarketingExpenses": 0,
    "sellingGeneralAndAdministrativeExpenses": 71839000,
    "otherExpenses": -2485000,
    "operatingExpenses": 115364000,
    "costAndExpenses": 373636000,
    "interestIncome": 873000,
    "interestExpense": 7172000,
    "depreciationAndAmortization": 10977000,
    "ebitda": 133252000,
    "ebitdaratio": 0.2508827455,
    "operatingIncome": 110155000,
    "operatingIncomeRatio": 0.2265319259,
    "totalOtherIncomeExpensesNet": -8784000,
    "incomeBeforeTax": 101371000,
    "incomeBeforeTaxRatio": 0.2084677759,
    "incomeTaxExpense": 25377000,
    "netIncome": 75994000,
    "netIncomeRatio": 0.1562803974,
    "eps": 1.4,
    "epsdiluted": 1.38,
    "weightedAverageShsOut": 54282000,
    "weightedAverageShsOutDil": 55101000,
    "link": "https://www.sec.gov/Archives/edgar/data/1049502/000119312517332309/0001193125-17-332309-index.htm",
    "finalLink": "https://www.sec.gov/Archives/edgar/data/1049502/000119312517332309/d442143d10q.htm"
  },
  {
    "date": "2017-06-30",
    "symbol": "MKSI",
    "reportedCurrency": "USD",
    "cik": "0001049502",
    "fillingDate": "2017-08-03",
    "acceptedDate": "2017-08-03 10:19:18",
    "calendarYear": "2017",
    "period": "Q2",
    "revenue": 480757000,
    "costOfRevenue": 261174000,
    "grossProfit": 219583000,
    "grossProfitRatio": 0.4567442596,
    "researchAndDevelopmentExpenses": 33680000,
    "generalAndAdministrativeExpenses": 71979000,
    "sellingAndMarketingExpenses": 0,
    "sellingGeneralAndAdministrativeExpenses": 71979000,
    "otherExpenses": -3277000,
    "operatingExpenses": 117127000,
    "costAndExpenses": 378301000,
    "interestIncome": 507000,
    "interestExpense": 6997000,
    "depreciationAndAmortization": 11468000,
    "ebitda": 123044000,
    "ebitdaratio": 0.2312062019,
    "operatingIncome": 92883000,
    "operatingIncomeRatio": 0.193201555,
    "totalOtherIncomeExpensesNet": 65089000,
    "incomeBeforeTax": 157972000,
    "incomeBeforeTaxRatio": 0.3285901193,
    "incomeTaxExpense": 37532000,
    "netIncome": 120440000,
    "netIncomeRatio": 0.2505215733,
    "eps": 2.22,
    "epsdiluted": 2.19,
    "weightedAverageShsOut": 54178000,
    "weightedAverageShsOutDil": 55001000,
    "link": "https://www.sec.gov/Archives/edgar/data/1049502/000119312517246915/0001193125-17-246915-index.htm",
    "finalLink": "https://www.sec.gov/Archives/edgar/data/1049502/000119312517246915/d374938d10q.htm"
  },
  {
    "date": "2017-03-31",
    "symbol": "MKSI",
    "reportedCurrency": "USD",
    "cik": "0001049502",
    "fillingDate": "2017-05-09",
    "acceptedDate": "2017-05-09 11:50:45",
    "calendarYear": "2017",
    "period": "Q1",
    "revenue": 437153000,
    "costOfRevenue": 231606000,
    "grossProfit": 205547000,
    "grossProfitRatio": 0.4701946458,
    "researchAndDevelopmentExpenses": 33282000,
    "generalAndAdministrativeExpenses": 74220000,
    "sellingAndMarketingExpenses": 0,
    "sellingGeneralAndAdministrativeExpenses": 74220000,
    "otherExpenses": 2021000,
    "operatingExpenses": 120003000,
    "costAndExpenses": 351609000,
    "interestIncome": 516000,
    "interestExpense": 8832000,
    "depreciationAndAmortization": 12501000,
    "ebitda": 107377000,
    "ebitdaratio": 0.2300842039,
    "operatingIncome": 83580000,
    "operatingIncomeRatio": 0.1911916423,
    "totalOtherIncomeExpensesNet": -6295000,
    "incomeBeforeTax": 77285000,
    "incomeBeforeTaxRatio": 0.1767916496,
    "incomeTaxExpense": 12225000,
    "netIncome": 65060000,
    "netIncomeRatio": 0.1488266122,
    "eps": 1.21,
    "epsdiluted": 1.18,
    "weightedAverageShsOut": 53769000,
    "weightedAverageShsOutDil": 54958000,
    "link": "https://www.sec.gov/Archives/edgar/data/1049502/000119312517163684/0001193125-17-163684-index.htm",
    "finalLink": "https://www.sec.gov/Archives/edgar/data/1049502/000119312517163684/d343342d10q.htm"
  },
  {
    "date": "2016-12-31",
    "symbol": "MKSI",
    "reportedCurrency": "USD",
    "cik": "0001049502",
    "fillingDate": "2017-03-01",
    "acceptedDate": "2017-03-01 15:35:30",
    "calendarYear": "2016",
    "period": "Q4",
    "revenue": 405140000,
    "costOfRevenue": 221732000,
    "grossProfit": 183408000,
    "grossProfitRatio": 0.4527027694,
    "researchAndDevelopmentExpenses": 32870000,
    "generalAndAdministrativeExpenses": 53368000,
    "sellingAndMarketingExpenses": 14258000,
    "sellingGeneralAndAdministrativeExpenses": 67626000,
    "otherExpenses": -3575000,
    "operatingExpenses": 113187000,
    "costAndExpenses": 334919000,
    "interestIncome": 702000,
    "interestExpense": 10085000,
    "depreciationAndAmortization": 12691000,
    "ebitda": 92390000,
    "ebitdaratio": 0.1975588685,
    "operatingIncome": 62514000,
    "operatingIncomeRatio": 0.1543022165,
    "totalOtherIncomeExpensesNet": -12958000,
    "incomeBeforeTax": 49556000,
    "incomeBeforeTaxRatio": 0.122318211,
    "incomeTaxExpense": 4069000,
    "netIncome": 45487000,
    "netIncomeRatio": 0.1122747692,
    "eps": 0.85,
    "epsdiluted": 0.83,
    "weightedAverageShsOut": 53617000,
    "weightedAverageShsOutDil": 54518000,
    "link": "https://www.sec.gov/Archives/edgar/data/1049502/000119312517065479/0001193125-17-065479-index.htm",
    "finalLink": "https://www.sec.gov/Archives/edgar/data/1049502/000119312517065479/d326475d10k.htm"
  },
  {
    "date": "2016-09-30",
    "symbol": "MKSI",
    "reportedCurrency": "USD",
    "cik": "0001049502",
    "fillingDate": "2016-11-08",
    "acceptedDate": "2016-11-08 16:27:19",
    "calendarYear": "2016",
    "period": "Q3",
    "revenue": 380660000,
    "costOfRevenue": 212275000,
    "grossProfit": 168385000,
    "grossProfitRatio": 0.4423501287,
    "researchAndDevelopmentExpenses": 32268000,
    "generalAndAdministrativeExpenses": 70424000,
    "sellingAndMarketingExpenses": 0,
    "sellingGeneralAndAdministrativeExpenses": 70424000,
    "otherExpenses": 844000,
    "operatingExpenses": 115144000,
    "costAndExpenses": 327419000,
    "interestIncome": 404000,
    "interestExpense": 12007000,
    "depreciationAndAmortization": 12452000,
    "ebitda": 82669000,
    "ebitdaratio": 0.1731886723,
    "operatingIncome": 53008000,
    "operatingIncomeRatio": 0.1392528766,
    "totalOtherIncomeExpensesNet": -10760000,
    "incomeBeforeTax": 42248000,
    "incomeBeforeTaxRatio": 0.1109861819,
    "incomeTaxExpense": 9699000,
    "netIncome": 32549000,
    "netIncomeRatio": 0.0855067514,
    "eps": 0.61,
    "epsdiluted": 0.6,
    "weightedAverageShsOut": 53574000,
    "weightedAverageShsOutDil": 54315000,
    "link": "https://www.sec.gov/Archives/edgar/data/1049502/000119312516763020/0001193125-16-763020-index.htm",
    "finalLink": "https://www.sec.gov/Archives/edgar/data/1049502/000119312516763020/d394795d10q.htm"
  },
  {
    "date": "2016-06-30",
    "symbol": "MKSI",
    "reportedCurrency": "USD",
    "cik": "0001049502",
    "fillingDate": "2016-08-03",
    "acceptedDate": "2016-08-03 17:06:12",
    "calendarYear": "2016",
    "period": "Q2",
    "revenue": 325861000,
    "costOfRevenue": 189948000,
    "grossProfit": 135913000,
    "grossProfitRatio": 0.4170888815,
    "researchAndDevelopmentExpenses": 28214000,
    "generalAndAdministrativeExpenses": 71429000,
    "sellingAndMarketingExpenses": 0,
    "sellingGeneralAndAdministrativeExpenses": 71429000,
    "otherExpenses": 1126000,
    "operatingExpenses": 108498000,
    "costAndExpenses": 298446000,
    "interestIncome": 530000,
    "interestExpense": 8474000,
    "depreciationAndAmortization": 8855000,
    "ebitda": 37272000,
    "ebitdaratio": 0.1365582257,
    "operatingIncome": 19186000,
    "operatingIncomeRatio": 0.0588778651,
    "totalOtherIncomeExpensesNet": -6818000,
    "incomeBeforeTax": 12368000,
    "incomeBeforeTaxRatio": 0.0379548335,
    "incomeTaxExpense": 3158000,
    "netIncome": 9210000,
    "netIncomeRatio": 0.0282635848,
    "eps": 0.17,
    "epsdiluted": 0.17,
    "weightedAverageShsOut": 53461000,
    "weightedAverageShsOutDil": 53806000,
    "link": "https://www.sec.gov/Archives/edgar/data/1049502/000119312516670236/0001193125-16-670236-index.htm",
    "finalLink": "https://www.sec.gov/Archives/edgar/data/1049502/000119312516670236/d213457d10q.htm"
  },
  {
    "date": "2016-03-31",
    "symbol": "MKSI",
    "reportedCurrency": "USD",
    "cik": "0001049502",
    "fillingDate": "2016-05-06",
    "acceptedDate": "2016-05-06 12:36:42",
    "calendarYear": "2016",
    "period": "Q1",
    "revenue": 183681000,
    "costOfRevenue": 105768000,
    "grossProfit": 77913000,
    "grossProfitRatio": 0.4241756088,
    "researchAndDevelopmentExpenses": 17227000,
    "generalAndAdministrativeExpenses": 33950000,
    "sellingAndMarketingExpenses": 0,
    "sellingGeneralAndAdministrativeExpenses": 33950000,
    "otherExpenses": 366000,
    "operatingExpenses": 52860000,
    "costAndExpenses": 158628000,
    "interestIncome": 924000,
    "interestExpense": 44000,
    "depreciationAndAmortization": 1683000,
    "ebitda": 30331000,
    "ebitdaratio": 0.1591345866,
    "operatingIncome": 22559000,
    "operatingIncomeRatio": 0.1228161868,
    "totalOtherIncomeExpensesNet": 1246000,
    "incomeBeforeTax": 23805000,
    "incomeBeforeTaxRatio": 0.1295996864,
    "incomeTaxExpense": 6242000,
    "netIncome": 17563000,
    "netIncomeRatio": 0.0956168575,
    "eps": 0.33,
    "epsdiluted": 0.33,
    "weightedAverageShsOut": 53235000,
    "weightedAverageShsOutDil": 53563000,
    "link": "https://www.sec.gov/Archives/edgar/data/1049502/000119312516581453/0001193125-16-581453-index.htm",
    "finalLink": "https://www.sec.gov/Archives/edgar/data/1049502/000119312516581453/d145497d10q.htm"
  },
  {
    "date": "2015-12-31",
    "symbol": "MKSI",
    "reportedCurrency": "USD",
    "cik": "0001049502",
    "fillingDate": "2016-02-26",
    "acceptedDate": "2016-02-26 14:43:53",
    "calendarYear": "2015",
    "period": "Q4",
    "revenue": 172387000,
    "costOfRevenue": 99588000,
    "grossProfit": 72799000,
    "grossProfitRatio": 0.4222998254,
    "researchAndDevelopmentExpenses": 16841000,
    "generalAndAdministrativeExpenses": 31555000,
    "sellingAndMarketingExpenses": 0,
    "sellingGeneralAndAdministrativeExpenses": 31555000,
    "otherExpenses": 0,
    "operatingExpenses": 50089000,
    "costAndExpenses": 149677000,
    "interestIncome": 852000,
    "interestExpense": 11000,
    "depreciationAndAmortization": 1693000,
    "ebitda": 6451000,
    "ebitdaratio": 0.1444888536,
    "operatingIncome": 22205000,
    "operatingIncomeRatio": 0.1288090169,
    "totalOtherIncomeExpensesNet": 841000,
    "incomeBeforeTax": 23046000,
    "incomeBeforeTaxRatio": 0.133687575,
    "incomeTaxExpense": -2476000,
    "netIncome": 25522000,
    "netIncomeRatio": 0.1480506071,
    "eps": 0.48,
    "epsdiluted": 0.48,
    "weightedAverageShsOut": 53217000,
    "weightedAverageShsOutDil": 53554000,
    "link": "https://www.sec.gov/Archives/edgar/data/1049502/000119312516481436/0001193125-16-481436-index.htm",
    "finalLink": "https://www.sec.gov/Archives/edgar/data/1049502/000119312516481436/d60398d10k.htm"
  },
  {
    "date": "2015-09-30",
    "symbol": "MKSI",
    "reportedCurrency": "USD",
    "cik": "0001049502",
    "fillingDate": "2015-11-04",
    "acceptedDate": "2015-11-04 11:38:41",
    "calendarYear": "2015",
    "period": "Q3",
    "revenue": 209332000,
    "costOfRevenue": 115103000,
    "grossProfit": 94229000,
    "grossProfitRatio": 0.4501414022,
    "researchAndDevelopmentExpenses": 17217000,
    "generalAndAdministrativeExpenses": 33396000,
    "sellingAndMarketingExpenses": 0,
    "sellingGeneralAndAdministrativeExpenses": 33396000,
    "otherExpenses": 0,
    "operatingExpenses": 52304000,
    "costAndExpenses": 167407000,
    "interestIncome": 778000,
    "interestExpense": 57000,
    "depreciationAndAmortization": 1691000,
    "ebitda": 47449000,
    "ebitdaratio": 0.2110427455,
    "operatingIncome": 41363000,
    "operatingIncomeRatio": 0.1975952076,
    "totalOtherIncomeExpensesNet": 721000,
    "incomeBeforeTax": 42084000,
    "incomeBeforeTaxRatio": 0.2010394971,
    "incomeTaxExpense": 12315000,
    "netIncome": 29769000,
    "netIncomeRatio": 0.1422095045,
    "eps": 0.56,
    "epsdiluted": 0.56,
    "weightedAverageShsOut": 53314000,
    "weightedAverageShsOutDil": 53568000,
    "link": "https://www.sec.gov/Archives/edgar/data/1049502/000119312515365503/0001193125-15-365503-index.htm",
    "finalLink": "https://www.sec.gov/Archives/edgar/data/1049502/000119312515365503/d10254d10q.htm"
  },
  {
    "date": "2015-06-30",
    "symbol": "MKSI",
    "reportedCurrency": "USD",
    "cik": "0001049502",
    "fillingDate": "2015-08-05",
    "acceptedDate": "2015-08-05 10:12:26",
    "calendarYear": "2015",
    "period": "Q2",
    "revenue": 217966000,
    "costOfRevenue": 119168000,
    "grossProfit": 98798000,
    "grossProfitRatio": 0.4532725287,
    "researchAndDevelopmentExpenses": 17567000,
    "generalAndAdministrativeExpenses": 33269000,
    "sellingAndMarketingExpenses": 0,
    "sellingGeneralAndAdministrativeExpenses": 33269000,
    "otherExpenses": 0,
    "operatingExpenses": 52545000,
    "costAndExpenses": 171713000,
    "interestIncome": 828000,
    "interestExpense": 38000,
    "depreciationAndAmortization": 1709000,
    "ebitda": 51803000,
    "ebitdaratio": 0.2210482369,
    "operatingIncome": 46034000,
    "operatingIncomeRatio": 0.2111980768,
    "totalOtherIncomeExpensesNet": 790000,
    "incomeBeforeTax": 46824000,
    "incomeBeforeTaxRatio": 0.2148224953,
    "incomeTaxExpense": 13604000,
    "netIncome": 33220000,
    "netIncomeRatio": 0.1524090913,
    "eps": 0.62,
    "epsdiluted": 0.62,
    "weightedAverageShsOut": 53384000,
    "weightedAverageShsOutDil": 53589000,
    "link": "https://www.sec.gov/Archives/edgar/data/1049502/000119312515277930/0001193125-15-277930-index.htm",
    "finalLink": "https://www.sec.gov/Archives/edgar/data/1049502/000119312515277930/d945262d10q.htm"
  },
  {
    "date": "2015-03-31",
    "symbol": "MKSI",
    "reportedCurrency": "USD",
    "cik": "0001049502",
    "fillingDate": "2015-05-06",
    "acceptedDate": "2015-05-06 13:25:03",
    "calendarYear": "2015",
    "period": "Q1",
    "revenue": 213839000,
    "costOfRevenue": 116793000,
    "grossProfit": 97046000,
    "grossProfitRatio": 0.4538274122,
    "researchAndDevelopmentExpenses": 16680000,
    "generalAndAdministrativeExpenses": 30867000,
    "sellingAndMarketingExpenses": 0,
    "sellingGeneralAndAdministrativeExpenses": 30867000,
    "otherExpenses": 0,
    "operatingExpenses": 49218000,
    "costAndExpenses": 166011000,
    "interestIncome": 541000,
    "interestExpense": 37000,
    "depreciationAndAmortization": 1671000,
    "ebitda": 53360000,
    "ebitdaratio": 0.2353031954,
    "operatingIncome": 47010000,
    "operatingIncomeRatio": 0.2198382896,
    "totalOtherIncomeExpensesNet": 504000,
    "incomeBeforeTax": 47514000,
    "incomeBeforeTaxRatio": 0.2221952029,
    "incomeTaxExpense": 13728000,
    "netIncome": 33786000,
    "netIncomeRatio": 0.1579973719,
    "eps": 0.63,
    "epsdiluted": 0.63,
    "weightedAverageShsOut": 53214000,
    "weightedAverageShsOutDil": 53529000,
    "link": "https://www.sec.gov/Archives/edgar/data/1049502/000119312515173981/0001193125-15-173981-index.htm",
    "finalLink": "https://www.sec.gov/Archives/edgar/data/1049502/000119312515173981/d902797d10q.htm"
  },
  {
    "date": "2014-12-31",
    "symbol": "MKSI",
    "reportedCurrency": "USD",
    "cik": "0001049502",
    "fillingDate": "2015-02-25",
    "acceptedDate": "2015-02-25 16:31:59",
    "calendarYear": "2014",
    "period": "Q4",
    "revenue": 203021000,
    "costOfRevenue": 113587000,
    "grossProfit": 89434000,
    "grossProfitRatio": 0.4405160057,
    "researchAndDevelopmentExpenses": 16022000,
    "generalAndAdministrativeExpenses": 32633000,
    "sellingAndMarketingExpenses": 0,
    "sellingGeneralAndAdministrativeExpenses": 32633000,
    "otherExpenses": 0,
    "operatingExpenses": 50386000,
    "costAndExpenses": 163973000,
    "interestIncome": 428000,
    "interestExpense": 37000,
    "depreciationAndAmortization": 1731000,
    "ebitda": 44805000,
    "ebitdaratio": 0.2032942405,
    "operatingIncome": 38554000,
    "operatingIncomeRatio": 0.1899015373,
    "totalOtherIncomeExpensesNet": 391000,
    "incomeBeforeTax": 38945000,
    "incomeBeforeTaxRatio": 0.1918274464,
    "incomeTaxExpense": 4753000,
    "netIncome": 34192000,
    "netIncomeRatio": 0.1684160752,
    "eps": 0.64,
    "epsdiluted": 0.64,
    "weightedAverageShsOut": 53102000,
    "weightedAverageShsOutDil": 53436000,
    "link": "https://www.sec.gov/Archives/edgar/data/1049502/000119312515062618/0001193125-15-062618-index.htm",
    "finalLink": "https://www.sec.gov/Archives/edgar/data/1049502/000119312515062618/d838776d10k.htm"
  },
  {
    "date": "2014-09-30",
    "symbol": "MKSI",
    "reportedCurrency": "USD",
    "cik": "0001049502",
    "fillingDate": "2014-11-05",
    "acceptedDate": "2014-11-05 11:28:31",
    "calendarYear": "2014",
    "period": "Q3",
    "revenue": 186798000,
    "costOfRevenue": 107473000,
    "grossProfit": 79325000,
    "grossProfitRatio": 0.4246565809,
    "researchAndDevelopmentExpenses": 15827000,
    "generalAndAdministrativeExpenses": 32365000,
    "sellingAndMarketingExpenses": 0,
    "sellingGeneralAndAdministrativeExpenses": 32365000,
    "otherExpenses": 0,
    "operatingExpenses": 49952000,
    "costAndExpenses": 157425000,
    "interestIncome": 399000,
    "interestExpense": 5000,
    "depreciationAndAmortization": 1760000,
    "ebitda": 35165000,
    "ebitdaratio": 0.173213846,
    "operatingIncome": 28150000,
    "operatingIncomeRatio": 0.1506975449,
    "totalOtherIncomeExpensesNet": 394000,
    "incomeBeforeTax": 28544000,
    "incomeBeforeTaxRatio": 0.1528067752,
    "incomeTaxExpense": -573000,
    "netIncome": 29117000,
    "netIncomeRatio": 0.1558742599,
    "eps": 0.55,
    "epsdiluted": 0.55,
    "weightedAverageShsOut": 53054000,
    "weightedAverageShsOutDil": 53310000,
    "link": "https://www.sec.gov/Archives/edgar/data/1049502/000119312514397795/0001193125-14-397795-index.htm",
    "finalLink": "https://www.sec.gov/Archives/edgar/data/1049502/000119312514397795/d792666d10q.htm"
  },
  {
    "date": "2014-06-30",
    "symbol": "MKSI",
    "reportedCurrency": "USD",
    "cik": "0001049502",
    "fillingDate": "2014-08-06",
    "acceptedDate": "2014-08-06 14:15:23",
    "calendarYear": "2014",
    "period": "Q2",
    "revenue": 184697000,
    "costOfRevenue": 105062000,
    "grossProfit": 79635000,
    "grossProfitRatio": 0.4311656389,
    "researchAndDevelopmentExpenses": 15421000,
    "generalAndAdministrativeExpenses": 32239000,
    "sellingAndMarketingExpenses": 0,
    "sellingGeneralAndAdministrativeExpenses": 32239000,
    "otherExpenses": 0,
    "operatingExpenses": 48704000,
    "costAndExpenses": 153766000,
    "interestIncome": 243000,
    "interestExpense": 12000,
    "depreciationAndAmortization": 1044000,
    "ebitda": 35746000,
    "ebitdaratio": 0.1745886506,
    "operatingIncome": 30660000,
    "operatingIncomeRatio": 0.1660016135,
    "totalOtherIncomeExpensesNet": 231000,
    "incomeBeforeTax": 30891000,
    "incomeBeforeTaxRatio": 0.1672523105,
    "incomeTaxExpense": 9667000,
    "netIncome": 21224000,
    "netIncomeRatio": 0.1149125324,
    "eps": 0.4,
    "epsdiluted": 0.4,
    "weightedAverageShsOut": 53361000,
    "weightedAverageShsOutDil": 53537000,
    "link": "https://www.sec.gov/Archives/edgar/data/1049502/000119312514297901/0001193125-14-297901-index.htm",
    "finalLink": "https://www.sec.gov/Archives/edgar/data/1049502/000119312514297901/d741818d10q.htm"
  },
  {
    "date": "2014-03-31",
    "symbol": "MKSI",
    "reportedCurrency": "USD",
    "cik": "0001049502",
    "fillingDate": "2014-05-07",
    "acceptedDate": "2014-05-07 10:25:47",
    "calendarYear": "2014",
    "period": "Q1",
    "revenue": 206353000,
    "costOfRevenue": 116981000,
    "grossProfit": 89372000,
    "grossProfitRatio": 0.4331024991,
    "researchAndDevelopmentExpenses": 15618000,
    "generalAndAdministrativeExpenses": 34591000,
    "sellingAndMarketingExpenses": 0,
    "sellingGeneralAndAdministrativeExpenses": 34591000,
    "otherExpenses": 0,
    "operatingExpenses": 50619000,
    "costAndExpenses": 167600000,
    "interestIncome": 252000,
    "interestExpense": 17000,
    "depreciationAndAmortization": 410000,
    "ebitda": 42903000,
    "ebitdaratio": 0.1945113471,
    "operatingIncome": 37778000,
    "operatingIncomeRatio": 0.1830746342,
    "totalOtherIncomeExpensesNet": 235000,
    "incomeBeforeTax": 38013000,
    "incomeBeforeTaxRatio": 0.1842134595,
    "incomeTaxExpense": 6768000,
    "netIncome": 31245000,
    "netIncomeRatio": 0.1514152932,
    "eps": 0.58,
    "epsdiluted": 0.58,
    "weightedAverageShsOut": 53411000,
    "weightedAverageShsOutDil": 53776000,
    "link": "https://www.sec.gov/Archives/edgar/data/1049502/000119312514186562/0001193125-14-186562-index.htm",
    "finalLink": "https://www.sec.gov/Archives/edgar/data/1049502/000119312514186562/d704641d10q.htm"
  },
  {
    "date": "2013-12-31",
    "symbol": "MKSI",
    "reportedCurrency": "USD",
    "cik": "0001049502",
    "fillingDate": "2014-02-26",
    "acceptedDate": "2014-02-26 17:05:47",
    "calendarYear": "2013",
    "period": "Q4",
    "revenue": 204394000,
    "costOfRevenue": 116714000,
    "grossProfit": 87680000,
    "grossProfitRatio": 0.4289754102,
    "researchAndDevelopmentExpenses": 16252000,
    "generalAndAdministrativeExpenses": 39874000,
    "sellingAndMarketingExpenses": 0,
    "sellingGeneralAndAdministrativeExpenses": 39874000,
    "otherExpenses": 0,
    "operatingExpenses": 56728000,
    "costAndExpenses": 173442000,
    "interestIncome": 239000,
    "interestExpense": 35000,
    "depreciationAndAmortization": 602000,
    "ebitda": 18476000,
    "ebitdaratio": 0.1543783086,
    "operatingIncome": 30952000,
    "operatingIncomeRatio": 0.1514330166,
    "totalOtherIncomeExpensesNet": 204000,
    "incomeBeforeTax": 31156000,
    "incomeBeforeTaxRatio": 0.152431089,
    "incomeTaxExpense": 10919000,
    "netIncome": 20237000,
    "netIncomeRatio": 0.0990097557,
    "eps": 0.38,
    "epsdiluted": 0.38,
    "weightedAverageShsOut": 53251000,
    "weightedAverageShsOutDil": 53695000,
    "link": "https://www.sec.gov/Archives/edgar/data/1049502/000119312514069989/0001193125-14-069989-index.htm",
    "finalLink": "https://www.sec.gov/Archives/edgar/data/1049502/000119312514069989/d652990d10k.htm"
  },
  {
    "date": "2013-09-30",
    "symbol": "MKSI",
    "reportedCurrency": "USD",
    "cik": "0001049502",
    "fillingDate": "2013-11-06",
    "acceptedDate": "2013-11-06 16:19:25",
    "calendarYear": "2013",
    "period": "Q3",
    "revenue": 166453000,
    "costOfRevenue": 104219000,
    "grossProfit": 62234000,
    "grossProfitRatio": 0.3738833184,
    "researchAndDevelopmentExpenses": 15257000,
    "generalAndAdministrativeExpenses": 33158000,
    "sellingAndMarketingExpenses": 0,
    "sellingGeneralAndAdministrativeExpenses": 33158000,
    "otherExpenses": 0,
    "operatingExpenses": 48776000,
    "costAndExpenses": 152995000,
    "interestIncome": 221000,
    "interestExpense": 13000,
    "depreciationAndAmortization": 361000,
    "ebitda": 17703000,
    "ebitdaratio": 0.0897851045,
    "operatingIncome": 12332000,
    "operatingIncomeRatio": 0.0740869795,
    "totalOtherIncomeExpensesNet": 208000,
    "incomeBeforeTax": 12540000,
    "incomeBeforeTaxRatio": 0.0753365815,
    "incomeTaxExpense": 10082000,
    "netIncome": 2458000,
    "netIncomeRatio": 0.0147669312,
    "eps": 0.0462,
    "epsdiluted": 0.0459,
    "weightedAverageShsOut": 53165000,
    "weightedAverageShsOutDil": 53513000,
    "link": "https://www.sec.gov/Archives/edgar/data/1049502/000119312513430117/0001193125-13-430117-index.htm",
    "finalLink": "https://www.sec.gov/Archives/edgar/data/1049502/000119312513430117/d598806d10q.htm"
  },
  {
    "date": "2013-06-30",
    "symbol": "MKSI",
    "reportedCurrency": "USD",
    "cik": "0001049502",
    "fillingDate": "2013-08-06",
    "acceptedDate": "2013-08-06 16:59:24",
    "calendarYear": "2013",
    "period": "Q2",
    "revenue": 156928000,
    "costOfRevenue": 94970000,
    "grossProfit": 61958000,
    "grossProfitRatio": 0.3948180057,
    "researchAndDevelopmentExpenses": 16813000,
    "generalAndAdministrativeExpenses": 34849000,
    "sellingAndMarketingExpenses": 0,
    "sellingGeneralAndAdministrativeExpenses": 34849000,
    "otherExpenses": 0,
    "operatingExpenses": 52404000,
    "costAndExpenses": 147374000,
    "interestIncome": 234000,
    "interestExpense": 23000,
    "depreciationAndAmortization": 742000,
    "ebitda": 15039000,
    "ebitdaratio": 0.0600466456,
    "operatingIncome": 10427000,
    "operatingIncomeRatio": 0.0664444841,
    "totalOtherIncomeExpensesNet": 211000,
    "incomeBeforeTax": 10638000,
    "incomeBeforeTaxRatio": 0.0677890498,
    "incomeTaxExpense": 3318000,
    "netIncome": 7320000,
    "netIncomeRatio": 0.0466455954,
    "eps": 0.14,
    "epsdiluted": 0.14,
    "weightedAverageShsOut": 53054000,
    "weightedAverageShsOutDil": 53358000,
    "link": "https://www.sec.gov/Archives/edgar/data/1049502/000119312513321811/0001193125-13-321811-index.htm",
    "finalLink": "https://www.sec.gov/Archives/edgar/data/1049502/000119312513321811/d551083d10q.htm"
  },
  {
    "date": "2013-03-31",
    "symbol": "MKSI",
    "reportedCurrency": "USD",
    "cik": "0001049502",
    "fillingDate": "2013-05-08",
    "acceptedDate": "2013-05-08 16:32:56",
    "calendarYear": "2013",
    "period": "Q1",
    "revenue": 141645000,
    "costOfRevenue": 86943000,
    "grossProfit": 54702000,
    "grossProfitRatio": 0.3861908292,
    "researchAndDevelopmentExpenses": 15248000,
    "generalAndAdministrativeExpenses": 34173000,
    "sellingAndMarketingExpenses": 0,
    "sellingGeneralAndAdministrativeExpenses": 34173000,
    "otherExpenses": 0,
    "operatingExpenses": 49855000,
    "costAndExpenses": 136798000,
    "interestIncome": 305000,
    "interestExpense": 14000,
    "depreciationAndAmortization": 434000,
    "ebitda": 9073000,
    "ebitdaratio": 0.0394366197,
    "operatingIncome": 4676000,
    "operatingIncomeRatio": 0.0330121077,
    "totalOtherIncomeExpensesNet": 291000,
    "incomeBeforeTax": 4967000,
    "incomeBeforeTaxRatio": 0.0350665396,
    "incomeTaxExpense": -794000,
    "netIncome": 5761000,
    "netIncomeRatio": 0.0406721028,
    "eps": 0.11,
    "epsdiluted": 0.11,
    "weightedAverageShsOut": 52773000,
    "weightedAverageShsOutDil": 53359000,
    "link": "https://www.sec.gov/Archives/edgar/data/1049502/000119312513207610/0001193125-13-207610-index.htm",
    "finalLink": "https://www.sec.gov/Archives/edgar/data/1049502/000119312513207610/d508765d10q.htm"
  },
  {
    "date": "2012-12-31",
    "symbol": "MKSI",
    "reportedCurrency": "USD",
    "cik": "0001049502",
    "fillingDate": "2013-02-26",
    "acceptedDate": "2013-02-26 17:19:07",
    "calendarYear": "2012",
    "period": "Q4",
    "revenue": 133796000,
    "costOfRevenue": 81195000,
    "grossProfit": 52601000,
    "grossProfitRatio": 0.3931432928,
    "researchAndDevelopmentExpenses": 14207000,
    "generalAndAdministrativeExpenses": 30853000,
    "sellingAndMarketingExpenses": 0,
    "sellingGeneralAndAdministrativeExpenses": 30853000,
    "otherExpenses": 0,
    "operatingExpenses": 45643000,
    "costAndExpenses": 126838000,
    "interestIncome": 299000,
    "interestExpense": 54000,
    "depreciationAndAmortization": 4245000,
    "ebitda": 11159000,
    "ebitdaratio": 0.0859666956,
    "operatingIncome": 6615000,
    "operatingIncomeRatio": 0.0494409399,
    "totalOtherIncomeExpensesNet": 245000,
    "incomeBeforeTax": 6860000,
    "incomeBeforeTaxRatio": 0.0512720859,
    "incomeTaxExpense": 2751000,
    "netIncome": 4109000,
    "netIncomeRatio": 0.0307109331,
    "eps": 0.0779,
    "epsdiluted": 0.0779,
    "weightedAverageShsOut": 52707000,
    "weightedAverageShsOutDil": 52773000,
    "link": "https://www.sec.gov/Archives/edgar/data/1049502/000119312513077234/0001193125-13-077234-index.htm",
    "finalLink": "https://www.sec.gov/Archives/edgar/data/1049502/000119312513077234/d458447d10k.htm"
  },
  {
    "date": "2012-09-30",
    "symbol": "MKSI",
    "reportedCurrency": "USD",
    "cik": "0001049502",
    "fillingDate": "2012-11-07",
    "acceptedDate": "2012-11-07 15:24:46",
    "calendarYear": "2012",
    "period": "Q3",
    "revenue": 141447000,
    "costOfRevenue": 84876000,
    "grossProfit": 56571000,
    "grossProfitRatio": 0.3999448557,
    "researchAndDevelopmentExpenses": 14136000,
    "generalAndAdministrativeExpenses": 29661000,
    "sellingAndMarketingExpenses": 0,
    "sellingGeneralAndAdministrativeExpenses": 29661000,
    "otherExpenses": 0,
    "operatingExpenses": 44012000,
    "costAndExpenses": 128888000,
    "interestIncome": 299000,
    "interestExpense": 32000,
    "depreciationAndAmortization": 215000,
    "ebitda": 10331000,
    "ebitdaratio": 0.1339088139,
    "operatingIncome": 6392000,
    "operatingIncomeRatio": 0.0451900712,
    "totalOtherIncomeExpensesNet": 267000,
    "incomeBeforeTax": 6659000,
    "incomeBeforeTaxRatio": 0.047077704,
    "incomeTaxExpense": 4079000,
    "netIncome": 2580000,
    "netIncomeRatio": 0.0182400475,
    "eps": 0.0488,
    "epsdiluted": 0.0484,
    "weightedAverageShsOut": 52854000,
    "weightedAverageShsOutDil": 53290000,
    "link": "https://www.sec.gov/Archives/edgar/data/1049502/000119312512457224/0001193125-12-457224-index.htm",
    "finalLink": "https://www.sec.gov/Archives/edgar/data/1049502/000119312512457224/d399841d10q.htm"
  },
  {
    "date": "2012-06-30",
    "symbol": "MKSI",
    "reportedCurrency": "USD",
    "cik": "0001049502",
    "fillingDate": "2012-08-03",
    "acceptedDate": "2012-08-03 11:33:56",
    "calendarYear": "2012",
    "period": "Q2",
    "revenue": 177397000,
    "costOfRevenue": 100881000,
    "grossProfit": 76516000,
    "grossProfitRatio": 0.4313263471,
    "researchAndDevelopmentExpenses": 15591000,
    "generalAndAdministrativeExpenses": 32959000,
    "sellingAndMarketingExpenses": 0,
    "sellingGeneralAndAdministrativeExpenses": 32959000,
    "otherExpenses": 0,
    "operatingExpenses": 48669000,
    "costAndExpenses": 149550000,
    "interestIncome": 200000,
    "interestExpense": 51000,
    "depreciationAndAmortization": 119000,
    "ebitda": 27966000,
    "ebitdaratio": 0.1576464089,
    "operatingIncome": 27847000,
    "operatingIncomeRatio": 0.1569755971,
    "totalOtherIncomeExpensesNet": 149000,
    "incomeBeforeTax": 27996000,
    "incomeBeforeTaxRatio": 0.1578155211,
    "incomeTaxExpense": 9424000,
    "netIncome": 18572000,
    "netIncomeRatio": 0.1046917366,
    "eps": 0.35,
    "epsdiluted": 0.35,
    "weightedAverageShsOut": 52679000,
    "weightedAverageShsOutDil": 53206000,
    "link": "https://www.sec.gov/Archives/edgar/data/1049502/000119312512333975/0001193125-12-333975-index.htm",
    "finalLink": "https://www.sec.gov/Archives/edgar/data/1049502/000119312512333975/d355205d10q.htm"
  },
  {
    "date": "2012-03-31",
    "symbol": "MKSI",
    "reportedCurrency": "USD",
    "cik": "0001049502",
    "fillingDate": "2012-05-09",
    "acceptedDate": "2012-05-09 14:05:35",
    "calendarYear": "2012",
    "period": "Q1",
    "revenue": 190868000,
    "costOfRevenue": 107077000,
    "grossProfit": 83791000,
    "grossProfitRatio": 0.4389997276,
    "researchAndDevelopmentExpenses": 16184000,
    "generalAndAdministrativeExpenses": 34119000,
    "sellingAndMarketingExpenses": 0,
    "sellingGeneralAndAdministrativeExpenses": 34119000,
    "otherExpenses": 0,
    "operatingExpenses": 50422000,
    "costAndExpenses": 157499000,
    "interestIncome": 261000,
    "interestExpense": 9000,
    "depreciationAndAmortization": 119000,
    "ebitda": 33488000,
    "ebitdaratio": 0.1754510971,
    "operatingIncome": 33369000,
    "operatingIncomeRatio": 0.1748276296,
    "totalOtherIncomeExpensesNet": 252000,
    "incomeBeforeTax": 33621000,
    "incomeBeforeTaxRatio": 0.1761479137,
    "incomeTaxExpense": 10853000,
    "netIncome": 22768000,
    "netIncomeRatio": 0.1192866274,
    "eps": 0.43,
    "epsdiluted": 0.43,
    "weightedAverageShsOut": 52504000,
    "weightedAverageShsOutDil": 53222000,
    "link": "https://www.sec.gov/Archives/edgar/data/1049502/000119312512221522/0001193125-12-221522-index.htm",
    "finalLink": "https://www.sec.gov/Archives/edgar/data/1049502/000119312512221522/d328226d10q.htm"
  },
  {
    "date": "2011-12-31",
    "symbol": "MKSI",
    "reportedCurrency": "USD",
    "cik": "0001049502",
    "fillingDate": "2012-02-24",
    "acceptedDate": "2012-02-24 16:38:45",
    "calendarYear": "2011",
    "period": "Q4",
    "revenue": 171671000,
    "costOfRevenue": 95710000,
    "grossProfit": 75961000,
    "grossProfitRatio": 0.4424800927,
    "researchAndDevelopmentExpenses": 14224000,
    "generalAndAdministrativeExpenses": 31473000,
    "sellingAndMarketingExpenses": 0,
    "sellingGeneralAndAdministrativeExpenses": 31473000,
    "otherExpenses": 0,
    "operatingExpenses": 45961000,
    "costAndExpenses": 141671000,
    "interestIncome": 290000,
    "interestExpense": 15000,
    "depreciationAndAmortization": 3339000,
    "ebitda": 20649000,
    "ebitdaratio": 0.1958921425,
    "operatingIncome": 30000000,
    "operatingIncomeRatio": 0.1747528703,
    "totalOtherIncomeExpensesNet": 275000,
    "incomeBeforeTax": 30275000,
    "incomeBeforeTaxRatio": 0.1763547716,
    "incomeTaxExpense": 7561000,
    "netIncome": 22714000,
    "netIncomeRatio": 0.1323112232,
    "eps": 0.43,
    "epsdiluted": 0.43,
    "weightedAverageShsOut": 52466000,
    "weightedAverageShsOutDil": 52504000,
    "link": "https://www.sec.gov/Archives/edgar/data/1049502/000119312512078260/0001193125-12-078260-index.htm",
    "finalLink": "https://www.sec.gov/Archives/edgar/data/1049502/000119312512078260/d272835d10k.htm"
  },
  {
    "date": "2011-09-30",
    "symbol": "MKSI",
    "reportedCurrency": "USD",
    "cik": "0001049502",
    "fillingDate": "2011-11-04",
    "acceptedDate": "2011-11-04 15:12:24",
    "calendarYear": "2011",
    "period": "Q3",
    "revenue": 194508000,
    "costOfRevenue": 106830000,
    "grossProfit": 87678000,
    "grossProfitRatio": 0.4507680918,
    "researchAndDevelopmentExpenses": 14331000,
    "generalAndAdministrativeExpenses": 31984000,
    "sellingAndMarketingExpenses": 0,
    "sellingGeneralAndAdministrativeExpenses": 31984000,
    "otherExpenses": 0,
    "operatingExpenses": 46566000,
    "costAndExpenses": 153396000,
    "interestIncome": 284000,
    "interestExpense": 12000,
    "depreciationAndAmortization": 251000,
    "ebitda": 41363000,
    "ebitdaratio": 0.2126544924,
    "operatingIncome": 41112000,
    "operatingIncomeRatio": 0.211364057,
    "totalOtherIncomeExpensesNet": 272000,
    "incomeBeforeTax": 41384000,
    "incomeBeforeTaxRatio": 0.2127624571,
    "incomeTaxExpense": 11011000,
    "netIncome": 30373000,
    "netIncomeRatio": 0.1561529603,
    "eps": 0.58,
    "epsdiluted": 0.57,
    "weightedAverageShsOut": 52456000,
    "weightedAverageShsOutDil": 52992000,
    "link": "https://www.sec.gov/Archives/edgar/data/1049502/000095012311095281/0000950123-11-095281-index.htm",
    "finalLink": "https://www.sec.gov/Archives/edgar/data/1049502/000095012311095281/b87815e10vq.htm"
  },
  {
    "date": "2011-06-30",
    "symbol": "MKSI",
    "reportedCurrency": "USD",
    "cik": "0001049502",
    "fillingDate": "2011-08-05",
    "acceptedDate": "2011-08-05 10:20:22",
    "calendarYear": "2011",
    "period": "Q2",
    "revenue": 224487000,
    "costOfRevenue": 119499000,
    "grossProfit": 104988000,
    "grossProfitRatio": 0.4676796429,
    "researchAndDevelopmentExpenses": 15582000,
    "generalAndAdministrativeExpenses": 31851000,
    "sellingAndMarketingExpenses": 0,
    "sellingGeneralAndAdministrativeExpenses": 31851000,
    "otherExpenses": 0,
    "operatingExpenses": 47683000,
    "costAndExpenses": 167182000,
    "interestIncome": 309000,
    "interestExpense": 0,
    "depreciationAndAmortization": 250000,
    "ebitda": 57555000,
    "ebitdaratio": 0.2563845568,
    "operatingIncome": 57305000,
    "operatingIncomeRatio": 0.2552709066,
    "totalOtherIncomeExpensesNet": 309000,
    "incomeBeforeTax": 57614000,
    "incomeBeforeTaxRatio": 0.2566473782,
    "incomeTaxExpense": 19013000,
    "netIncome": 38601000,
    "netIncomeRatio": 0.1719520507,
    "eps": 0.74,
    "epsdiluted": 0.73,
    "weightedAverageShsOut": 52346000,
    "weightedAverageShsOutDil": 52906000,
    "link": "https://www.sec.gov/Archives/edgar/data/1049502/000095012311073323/0000950123-11-073323-index.htm",
    "finalLink": "https://www.sec.gov/Archives/edgar/data/1049502/000095012311073323/b83364e10vq.htm"
  },
  {
    "date": "2011-03-31",
    "symbol": "MKSI",
    "reportedCurrency": "USD",
    "cik": "0001049502",
    "fillingDate": "2011-05-06",
    "acceptedDate": "2011-05-06 13:55:09",
    "calendarYear": "2011",
    "period": "Q1",
    "revenue": 231851000,
    "costOfRevenue": 125490000,
    "grossProfit": 106361000,
    "grossProfitRatio": 0.4587472126,
    "researchAndDevelopmentExpenses": 16896000,
    "generalAndAdministrativeExpenses": 32707000,
    "sellingAndMarketingExpenses": 0,
    "sellingGeneralAndAdministrativeExpenses": 32707000,
    "otherExpenses": 0,
    "operatingExpenses": 49853000,
    "costAndExpenses": 175343000,
    "interestIncome": 271000,
    "interestExpense": 5000,
    "depreciationAndAmortization": 250000,
    "ebitda": 56758000,
    "ebitdaratio": 0.2448037748,
    "operatingIncome": 56508000,
    "operatingIncomeRatio": 0.2437254961,
    "totalOtherIncomeExpensesNet": 271000,
    "incomeBeforeTax": 56779000,
    "incomeBeforeTaxRatio": 0.2448943503,
    "incomeTaxExpense": 18736000,
    "netIncome": 38043000,
    "netIncomeRatio": 0.1640838297,
    "eps": 0.74,
    "epsdiluted": 0.73,
    "weightedAverageShsOut": 51407000,
    "weightedAverageShsOutDil": 52386000,
    "link": "https://www.sec.gov/Archives/edgar/data/1049502/000095012311046436/0000950123-11-046436-index.htm",
    "finalLink": "https://www.sec.gov/Archives/edgar/data/1049502/000095012311046436/b85478e10vq.htm"
  },
  {
    "date": "2010-12-31",
    "symbol": "MKSI",
    "reportedCurrency": "USD",
    "cik": "0001049502",
    "fillingDate": "2011-02-25",
    "acceptedDate": "2011-02-25 13:32:41",
    "calendarYear": "2010",
    "period": "Q4",
    "revenue": 218978000,
    "costOfRevenue": 121657000,
    "grossProfit": 97321000,
    "grossProfitRatio": 0.4444327741,
    "researchAndDevelopmentExpenses": 15790000,
    "generalAndAdministrativeExpenses": 32880000,
    "sellingAndMarketingExpenses": 0,
    "sellingGeneralAndAdministrativeExpenses": 32880000,
    "otherExpenses": 0,
    "operatingExpenses": 48920000,
    "costAndExpenses": 170577000,
    "interestIncome": 354000,
    "interestExpense": 51000,
    "depreciationAndAmortization": 3204000,
    "ebitda": 51959000,
    "ebitdaratio": 0.2372795441,
    "operatingIncome": 48401000,
    "operatingIncomeRatio": 0.2210313365,
    "totalOtherIncomeExpensesNet": 303000,
    "incomeBeforeTax": 48704000,
    "incomeBeforeTaxRatio": 0.2224150371,
    "incomeTaxExpense": 14528000,
    "netIncome": 35949000,
    "netIncomeRatio": 0.1641671766,
    "eps": 0.7,
    "epsdiluted": 0.7,
    "weightedAverageShsOut": 50413000,
    "weightedAverageShsOutDil": 51407000,
    "link": "https://www.sec.gov/Archives/edgar/data/1049502/000095012311018474/0000950123-11-018474-index.htm",
    "finalLink": "https://www.sec.gov/Archives/edgar/data/1049502/000095012311018474/b83545e10vk.htm"
  },
  {
    "date": "2010-09-30",
    "symbol": "MKSI",
    "reportedCurrency": "USD",
    "cik": "0001049502",
    "fillingDate": "2010-11-04",
    "acceptedDate": "2010-11-04 15:19:48",
    "calendarYear": "2010",
    "period": "Q3",
    "revenue": 221323000,
    "costOfRevenue": 122820000,
    "grossProfit": 98503000,
    "grossProfitRatio": 0.4450644533,
    "researchAndDevelopmentExpenses": 15070000,
    "generalAndAdministrativeExpenses": 28247000,
    "sellingAndMarketingExpenses": 0,
    "sellingGeneralAndAdministrativeExpenses": 28247000,
    "otherExpenses": 0,
    "operatingExpenses": 43567000,
    "costAndExpenses": 166387000,
    "interestIncome": 67000,
    "interestExpense": 32000,
    "depreciationAndAmortization": 250000,
    "ebitda": 55186000,
    "ebitdaratio": 0.2493459785,
    "operatingIncome": 54936000,
    "operatingIncomeRatio": 0.2482164077,
    "totalOtherIncomeExpensesNet": 35000,
    "incomeBeforeTax": 54971000,
    "incomeBeforeTaxRatio": 0.2483745476,
    "incomeTaxExpense": 18370000,
    "netIncome": 38636000,
    "netIncomeRatio": 0.174568391,
    "eps": 0.77,
    "epsdiluted": 0.76,
    "weightedAverageShsOut": 50226000,
    "weightedAverageShsOutDil": 50994000,
    "link": "https://www.sec.gov/Archives/edgar/data/1049502/000095012310100843/0000950123-10-100843-index.htm",
    "finalLink": "https://www.sec.gov/Archives/edgar/data/1049502/000095012310100843/b82681e10vq.htm"
  },
  {
    "date": "2010-06-30",
    "symbol": "MKSI",
    "reportedCurrency": "USD",
    "cik": "0001049502",
    "fillingDate": "2010-08-05",
    "acceptedDate": "2010-08-05 16:47:22",
    "calendarYear": "2010",
    "period": "Q2",
    "revenue": 220647000,
    "costOfRevenue": 123328000,
    "grossProfit": 97319000,
    "grossProfitRatio": 0.4410619678,
    "researchAndDevelopmentExpenses": 16154000,
    "generalAndAdministrativeExpenses": 30902000,
    "sellingAndMarketingExpenses": 0,
    "sellingGeneralAndAdministrativeExpenses": 30902000,
    "otherExpenses": 0,
    "operatingExpenses": 47370000,
    "costAndExpenses": 170698000,
    "interestIncome": 284000,
    "interestExpense": 30000,
    "depreciationAndAmortization": 314000,
    "ebitda": 50263000,
    "ebitdaratio": 0.2277982479,
    "operatingIncome": 49949000,
    "operatingIncomeRatio": 0.2263751603,
    "totalOtherIncomeExpensesNet": 254000,
    "incomeBeforeTax": 50203000,
    "incomeBeforeTaxRatio": 0.2275263203,
    "incomeTaxExpense": 17059000,
    "netIncome": 38777000,
    "netIncomeRatio": 0.1757422489,
    "eps": 0.77,
    "epsdiluted": 0.76,
    "weightedAverageShsOut": 50067000,
    "weightedAverageShsOutDil": 50870000,
    "link": "https://www.sec.gov/Archives/edgar/data/1049502/000095012310073444/0000950123-10-073444-index.htm",
    "finalLink": "https://www.sec.gov/Archives/edgar/data/1049502/000095012310073444/b81440e10vq.htm"
  },
  {
    "date": "2010-03-31",
    "symbol": "MKSI",
    "reportedCurrency": "USD",
    "cik": "0001049502",
    "fillingDate": "2010-05-10",
    "acceptedDate": "2010-05-10 16:30:19",
    "calendarYear": "2010",
    "period": "Q1",
    "revenue": 198069000,
    "costOfRevenue": 109605000,
    "grossProfit": 88464000,
    "grossProfitRatio": 0.4466322342,
    "researchAndDevelopmentExpenses": 16468000,
    "generalAndAdministrativeExpenses": 29374000,
    "sellingAndMarketingExpenses": 0,
    "sellingGeneralAndAdministrativeExpenses": 29374000,
    "otherExpenses": 0,
    "operatingExpenses": 45811000,
    "costAndExpenses": 155416000,
    "interestIncome": 325000,
    "interestExpense": 22000,
    "depreciationAndAmortization": 651000,
    "ebitda": 43304000,
    "ebitdaratio": 0.2186308812,
    "operatingIncome": 42653000,
    "operatingIncomeRatio": 0.2153441477,
    "totalOtherIncomeExpensesNet": 757000,
    "incomeBeforeTax": 42978000,
    "incomeBeforeTaxRatio": 0.2169849901,
    "incomeTaxExpense": 13753000,
    "netIncome": 29225000,
    "netIncomeRatio": 0.1475495913,
    "eps": 0.59,
    "epsdiluted": 0.58,
    "weightedAverageShsOut": 49601000,
    "weightedAverageShsOutDil": 50600000,
    "link": "https://www.sec.gov/Archives/edgar/data/1049502/000095012310047207/0000950123-10-047207-index.htm",
    "finalLink": "https://www.sec.gov/Archives/edgar/data/1049502/000095012310047207/b80499e10vq.htm"
  },
  {
    "date": "2009-12-31",
    "symbol": "MKSI",
    "reportedCurrency": "USD",
    "cik": "0001049502",
    "fillingDate": "2010-02-26",
    "acceptedDate": "2010-02-26 14:56:48",
    "calendarYear": "2009",
    "period": "Q4",
    "revenue": 149270000,
    "costOfRevenue": 86536000,
    "grossProfit": 62734000,
    "grossProfitRatio": 0.4202719904,
    "researchAndDevelopmentExpenses": 13681000,
    "generalAndAdministrativeExpenses": 27814000,
    "sellingAndMarketingExpenses": 0,
    "sellingGeneralAndAdministrativeExpenses": 27814000,
    "otherExpenses": 0,
    "operatingExpenses": 42367000,
    "costAndExpenses": 128903000,
    "interestIncome": 0,
    "interestExpense": 0,
    "depreciationAndAmortization": 4307000,
    "ebitda": 237388000,
    "ebitdaratio": 1.5900314866,
    "operatingIncome": 20411000,
    "operatingIncomeRatio": 0.1367387955,
    "totalOtherIncomeExpensesNet": 156000,
    "incomeBeforeTax": 20567000,
    "incomeBeforeTaxRatio": 0.1377838816,
    "incomeTaxExpense": 5620000,
    "netIncome": 14947000,
    "netIncomeRatio": 0.1001339854,
    "eps": 0.3,
    "epsdiluted": 0.3,
    "weightedAverageShsOut": 49510000,
    "weightedAverageShsOutDil": 49601000,
    "link": "https://www.sec.gov/Archives/edgar/data/1049502/000095012310018001/0000950123-10-018001-index.htm",
    "finalLink": "https://www.sec.gov/Archives/edgar/data/1049502/000095012310018001/b78680e10vk.htm"
  }
]