[
  {
    "date": "2024-08-29",
    "symbol": "MU",
    "reportedCurrency": "USD",
    "cik": "0000723125",
    "fillingDate": "2024-10-04",
    "acceptedDate": "2024-10-04 16:12:50",
    "calendarYear": "2024",
    "period": "Q4",
    "revenue": 7750000000,
    "costOfRevenue": 5013000000,
    "grossProfit": 2737000000,
    "grossProfitRatio": 0.3531612903,
    "researchAndDevelopmentExpenses": 903000000,
    "generalAndAdministrativeExpenses": 0,
    "sellingAndMarketingExpenses": 0,
    "sellingGeneralAndAdministrativeExpenses": 295000000,
    "otherExpenses": 12000000,
    "operatingExpenses": 1210000000,
    "costAndExpenses": 6223000000,
    "interestIncome": 131000000,
    "interestExpense": 136000000,
    "depreciationAndAmortization": 1986000000,
    "ebitda": 3632000000,
    "ebitdaratio": 0.4686451613,
    "operatingIncome": 1522000000,
    "operatingIncomeRatio": 0.1963870968,
    "totalOtherIncomeExpensesNet": -12000000,
    "incomeBeforeTax": 1510000000,
    "incomeBeforeTaxRatio": 0.1948387097,
    "incomeTaxExpense": 623000000,
    "netIncome": 887000000,
    "netIncomeRatio": 0.1144516129,
    "eps": 0.8,
    "epsdiluted": 0.79,
    "weightedAverageShsOut": 1108000000,
    "weightedAverageShsOutDil": 1125000000,
    "link": "https://www.sec.gov/Archives/edgar/data/723125/000072312524000027/0000723125-24-000027-index.htm",
    "finalLink": "https://www.sec.gov/Archives/edgar/data/723125/000072312524000027/mu-20240829.htm"
  },
  {
    "date": "2024-05-30",
    "symbol": "MU",
    "reportedCurrency": "USD",
    "cik": "0000723125",
    "fillingDate": "2024-06-27",
    "acceptedDate": "2024-06-27 13:19:29",
    "calendarYear": "2024",
    "period": "Q3",
    "revenue": 6811000000,
    "costOfRevenue": 4979000000,
    "grossProfit": 1832000000,
    "grossProfitRatio": 0.2689766554,
    "researchAndDevelopmentExpenses": 850000000,
    "generalAndAdministrativeExpenses": 0,
    "sellingAndMarketingExpenses": 0,
    "sellingGeneralAndAdministrativeExpenses": 291000000,
    "otherExpenses": 10000000,
    "operatingExpenses": 1141000000,
    "costAndExpenses": 6120000000,
    "interestIncome": 136000000,
    "interestExpense": 150000000,
    "depreciationAndAmortization": 1955000000,
    "ebitda": 2820000000,
    "ebitdaratio": 0.3884892086,
    "operatingIncome": 691000000,
    "operatingIncomeRatio": 0.1014535311,
    "totalOtherIncomeExpensesNet": 24000000,
    "incomeBeforeTax": 715000000,
    "incomeBeforeTaxRatio": 0.1049772427,
    "incomeTaxExpense": 377000000,
    "netIncome": 332000000,
    "netIncomeRatio": 0.0487446777,
    "eps": 0.3,
    "epsdiluted": 0.3,
    "weightedAverageShsOut": 1107000000,
    "weightedAverageShsOutDil": 1123000000,
    "link": "https://www.sec.gov/Archives/edgar/data/723125/000072312524000019/0000723125-24-000019-index.htm",
    "finalLink": "https://www.sec.gov/Archives/edgar/data/723125/000072312524000019/mu-20240530.htm"
  },
  {
    "date": "2024-02-29",
    "symbol": "MU",
    "reportedCurrency": "USD",
    "cik": "0000723125",
    "fillingDate": "2024-03-21",
    "acceptedDate": "2024-03-21 13:17:48",
    "calendarYear": "2024",
    "period": "Q2",
    "revenue": 5824000000,
    "costOfRevenue": 4745000000,
    "grossProfit": 1079000000,
    "grossProfitRatio": 0.1852678571,
    "researchAndDevelopmentExpenses": 832000000,
    "generalAndAdministrativeExpenses": 52000000,
    "sellingAndMarketingExpenses": 228000000,
    "sellingGeneralAndAdministrativeExpenses": 280000000,
    "otherExpenses": -7000000,
    "operatingExpenses": 1112000000,
    "costAndExpenses": 5857000000,
    "interestIncome": 130000000,
    "interestExpense": 144000000,
    "depreciationAndAmortization": 1924000000,
    "ebitda": 2238000000,
    "ebitdaratio": 0.3246909341,
    "operatingIncome": -33000000,
    "operatingIncomeRatio": -0.0056662088,
    "totalOtherIncomeExpensesNet": -21000000,
    "incomeBeforeTax": 170000000,
    "incomeBeforeTaxRatio": 0.0291895604,
    "incomeTaxExpense": -622000000,
    "netIncome": 793000000,
    "netIncomeRatio": 0.1361607143,
    "eps": 0.72,
    "epsdiluted": 0.71,
    "weightedAverageShsOut": 1104000000,
    "weightedAverageShsOutDil": 1114000000,
    "link": "https://www.sec.gov/Archives/edgar/data/723125/000072312524000007/0000723125-24-000007-index.htm",
    "finalLink": "https://www.sec.gov/Archives/edgar/data/723125/000072312524000007/mu-20240229.htm"
  },
  {
    "date": "2023-11-30",
    "symbol": "MU",
    "reportedCurrency": "USD",
    "cik": "0000723125",
    "fillingDate": "2023-12-21",
    "acceptedDate": "2023-12-21 13:05:34",
    "calendarYear": "2024",
    "period": "Q1",
    "revenue": 4726000000,
    "costOfRevenue": 4761000000,
    "grossProfit": -35000000,
    "grossProfitRatio": -0.00740584,
    "researchAndDevelopmentExpenses": 845000000,
    "generalAndAdministrativeExpenses": 0,
    "sellingAndMarketingExpenses": 0,
    "sellingGeneralAndAdministrativeExpenses": 263000000,
    "otherExpenses": -27000000,
    "operatingExpenses": 1093000000,
    "costAndExpenses": 5854000000,
    "interestIncome": 132000000,
    "interestExpense": 132000000,
    "depreciationAndAmortization": 1915000000,
    "ebitda": 892000000,
    "ebitdaratio": 0.1887431231,
    "operatingIncome": -1128000000,
    "operatingIncomeRatio": -0.2386796445,
    "totalOtherIncomeExpensesNet": -27000000,
    "incomeBeforeTax": -1155000000,
    "incomeBeforeTaxRatio": -0.2443927211,
    "incomeTaxExpense": 73000000,
    "netIncome": -1234000000,
    "netIncomeRatio": -0.2611087601,
    "eps": -1.12,
    "epsdiluted": -1.12,
    "weightedAverageShsOut": 1100000000,
    "weightedAverageShsOutDil": 1100000000,
    "link": "https://www.sec.gov/Archives/edgar/data/723125/000072312523000077/0000723125-23-000077-index.htm",
    "finalLink": "https://www.sec.gov/Archives/edgar/data/723125/000072312523000077/mu-20231130.htm"
  },
  {
    "date": "2023-08-31",
    "symbol": "MU",
    "reportedCurrency": "USD",
    "cik": "0000723125",
    "fillingDate": "2023-10-06",
    "acceptedDate": "2023-10-06 16:01:37",
    "calendarYear": "2023",
    "period": "Q4",
    "revenue": 4010000000,
    "costOfRevenue": 4445000000,
    "grossProfit": -435000000,
    "grossProfitRatio": -0.108478803,
    "researchAndDevelopmentExpenses": 719000000,
    "generalAndAdministrativeExpenses": 0,
    "sellingAndMarketingExpenses": 0,
    "sellingGeneralAndAdministrativeExpenses": 219000000,
    "otherExpenses": 9000000,
    "operatingExpenses": 1033000000,
    "costAndExpenses": 5478000000,
    "interestIncome": 134000000,
    "interestExpense": 129000000,
    "depreciationAndAmortization": 1937000000,
    "ebitda": 608000000,
    "ebitdaratio": 0.1526184539,
    "operatingIncome": -1472000000,
    "operatingIncomeRatio": -0.3670822943,
    "totalOtherIncomeExpensesNet": -83000000,
    "incomeBeforeTax": -1458000000,
    "incomeBeforeTaxRatio": -0.3635910224,
    "incomeTaxExpense": -24000000,
    "netIncome": -1430000000,
    "netIncomeRatio": -0.3566084788,
    "eps": -1.31,
    "epsdiluted": -1.31,
    "weightedAverageShsOut": 1095000000,
    "weightedAverageShsOutDil": 1095000000,
    "link": "https://www.sec.gov/Archives/edgar/data/723125/000072312523000054/0000723125-23-000054-index.htm",
    "finalLink": "https://www.sec.gov/Archives/edgar/data/723125/000072312523000054/mu-20230831.htm"
  },
  {
    "date": "2023-06-01",
    "symbol": "MU",
    "reportedCurrency": "USD",
    "cik": "0000723125",
    "fillingDate": "2023-06-29",
    "acceptedDate": "2023-06-29 15:34:20",
    "calendarYear": "2023",
    "period": "Q3",
    "revenue": 3752000000,
    "costOfRevenue": 4420000000,
    "grossProfit": -668000000,
    "grossProfitRatio": -0.1780383795,
    "researchAndDevelopmentExpenses": 758000000,
    "generalAndAdministrativeExpenses": 0,
    "sellingAndMarketingExpenses": 0,
    "sellingGeneralAndAdministrativeExpenses": 219000000,
    "otherExpenses": 48000000,
    "operatingExpenses": 1025000000,
    "costAndExpenses": 5445000000,
    "interestIncome": 127000000,
    "interestExpense": 119000000,
    "depreciationAndAmortization": 1956000000,
    "ebitda": 322000000,
    "ebitdaratio": 0.1039445629,
    "operatingIncome": -1566000000,
    "operatingIncomeRatio": -0.4173773987,
    "totalOtherIncomeExpensesNet": -104000000,
    "incomeBeforeTax": -1753000000,
    "incomeBeforeTaxRatio": -0.467217484,
    "incomeTaxExpense": 139000000,
    "netIncome": -1892000000,
    "netIncomeRatio": -0.5042643923,
    "eps": -1.73,
    "epsdiluted": -1.73,
    "weightedAverageShsOut": 1094000000,
    "weightedAverageShsOutDil": 1094000000,
    "link": "https://www.sec.gov/Archives/edgar/data/723125/000072312523000041/0000723125-23-000041-index.htm",
    "finalLink": "https://www.sec.gov/Archives/edgar/data/723125/000072312523000041/mu-20230601.htm"
  },
  {
    "date": "2023-03-02",
    "symbol": "MU",
    "reportedCurrency": "USD",
    "cik": "0000723125",
    "fillingDate": "2023-03-29",
    "acceptedDate": "2023-03-29 16:48:21",
    "calendarYear": "2023",
    "period": "Q2",
    "revenue": 3693000000,
    "costOfRevenue": 4899000000,
    "grossProfit": -1206000000,
    "grossProfitRatio": -0.3265637693,
    "researchAndDevelopmentExpenses": 788000000,
    "generalAndAdministrativeExpenses": 36000000,
    "sellingAndMarketingExpenses": 195000000,
    "sellingGeneralAndAdministrativeExpenses": 231000000,
    "otherExpenses": -8000000,
    "operatingExpenses": 1011000000,
    "costAndExpenses": 5910000000,
    "interestIncome": 119000000,
    "interestExpense": 89000000,
    "depreciationAndAmortization": 1942000000,
    "ebitda": -240000000,
    "ebitdaratio": -0.0417005145,
    "operatingIncome": -2303000000,
    "operatingIncomeRatio": -0.6236122394,
    "totalOtherIncomeExpensesNet": 32000000,
    "incomeBeforeTax": -2271000000,
    "incomeBeforeTaxRatio": -0.6149471974,
    "incomeTaxExpense": 54000000,
    "netIncome": -2325000000,
    "netIncomeRatio": -0.6295694557,
    "eps": -2.13,
    "epsdiluted": -2.13,
    "weightedAverageShsOut": 1091000000,
    "weightedAverageShsOutDil": 1091000000,
    "link": "https://www.sec.gov/Archives/edgar/data/723125/000072312523000022/0000723125-23-000022-index.htm",
    "finalLink": "https://www.sec.gov/Archives/edgar/data/723125/000072312523000022/mu-20230302.htm"
  },
  {
    "date": "2022-12-01",
    "symbol": "MU",
    "reportedCurrency": "USD",
    "cik": "0000723125",
    "fillingDate": "2022-12-22",
    "acceptedDate": "2022-12-22 12:38:24",
    "calendarYear": "2023",
    "period": "Q1",
    "revenue": 4085000000,
    "costOfRevenue": 3192000000,
    "grossProfit": 893000000,
    "grossProfitRatio": 0.2186046512,
    "researchAndDevelopmentExpenses": 849000000,
    "generalAndAdministrativeExpenses": 0,
    "sellingAndMarketingExpenses": 0,
    "sellingGeneralAndAdministrativeExpenses": 251000000,
    "otherExpenses": -11000000,
    "operatingExpenses": 1089000000,
    "costAndExpenses": 4281000000,
    "interestIncome": 88000000,
    "interestExpense": 51000000,
    "depreciationAndAmortization": 1921000000,
    "ebitda": 1796000000,
    "ebitdaratio": 0.4428396573,
    "operatingIncome": -112000000,
    "operatingIncomeRatio": -0.0274173807,
    "totalOtherIncomeExpensesNet": 20000000,
    "incomeBeforeTax": -176000000,
    "incomeBeforeTaxRatio": -0.0430844553,
    "incomeTaxExpense": 8000000,
    "netIncome": -184000000,
    "netIncomeRatio": -0.0450428397,
    "eps": -0.17,
    "epsdiluted": -0.17,
    "weightedAverageShsOut": 1090000000,
    "weightedAverageShsOutDil": 1090000000,
    "link": "https://www.sec.gov/Archives/edgar/data/723125/000072312522000072/0000723125-22-000072-index.htm",
    "finalLink": "https://www.sec.gov/Archives/edgar/data/723125/000072312522000072/mu-20221201.htm"
  },
  {
    "date": "2022-09-01",
    "symbol": "MU",
    "reportedCurrency": "USD",
    "cik": "0000723125",
    "fillingDate": "2022-10-07",
    "acceptedDate": "2022-10-07 14:57:09",
    "calendarYear": "2022",
    "period": "Q4",
    "revenue": 6643000000,
    "costOfRevenue": 4021000000,
    "grossProfit": 2622000000,
    "grossProfitRatio": 0.3947011892,
    "researchAndDevelopmentExpenses": 839000000,
    "generalAndAdministrativeExpenses": 0,
    "sellingAndMarketingExpenses": 0,
    "sellingGeneralAndAdministrativeExpenses": 280000000,
    "otherExpenses": -23000000,
    "operatingExpenses": 1096000000,
    "costAndExpenses": 5117000000,
    "interestIncome": 54000000,
    "interestExpense": 45000000,
    "depreciationAndAmortization": 1882000000,
    "ebitda": 3480000000,
    "ebitdaratio": 0.5246123739,
    "operatingIncome": 1521000000,
    "operatingIncomeRatio": 0.228962818,
    "totalOtherIncomeExpensesNet": 32000000,
    "incomeBeforeTax": 1553000000,
    "incomeBeforeTaxRatio": 0.2337799187,
    "incomeTaxExpense": 56000000,
    "netIncome": 1492000000,
    "netIncomeRatio": 0.2245973205,
    "eps": 1.36,
    "epsdiluted": 1.35,
    "weightedAverageShsOut": 1097000000,
    "weightedAverageShsOutDil": 1106000000,
    "link": "https://www.sec.gov/Archives/edgar/data/723125/000072312522000048/0000723125-22-000048-index.htm",
    "finalLink": "https://www.sec.gov/Archives/edgar/data/723125/000072312522000048/mu-20220901.htm"
  },
  {
    "date": "2022-06-02",
    "symbol": "MU",
    "reportedCurrency": "USD",
    "cik": "0000723125",
    "fillingDate": "2022-07-01",
    "acceptedDate": "2022-06-30 17:47:52",
    "calendarYear": "2022",
    "period": "Q3",
    "revenue": 8642000000,
    "costOfRevenue": 4607000000,
    "grossProfit": 4035000000,
    "grossProfitRatio": 0.4669058088,
    "researchAndDevelopmentExpenses": 773000000,
    "generalAndAdministrativeExpenses": 0,
    "sellingAndMarketingExpenses": 0,
    "sellingGeneralAndAdministrativeExpenses": 264000000,
    "otherExpenses": 8000000,
    "operatingExpenses": 1037000000,
    "costAndExpenses": 5644000000,
    "interestIncome": 20000000,
    "interestExpense": 44000000,
    "depreciationAndAmortization": 1821000000,
    "ebitda": 4853000000,
    "ebitdaratio": 0.5576255496,
    "operatingIncome": 2998000000,
    "operatingIncomeRatio": 0.3469104374,
    "totalOtherIncomeExpensesNet": -10000000,
    "incomeBeforeTax": 2988000000,
    "incomeBeforeTaxRatio": 0.3457532978,
    "incomeTaxExpense": 358000000,
    "netIncome": 2626000000,
    "netIncomeRatio": 0.3038648461,
    "eps": 2.36,
    "epsdiluted": 2.34,
    "weightedAverageShsOut": 1112000000,
    "weightedAverageShsOutDil": 1121000000,
    "link": "https://www.sec.gov/Archives/edgar/data/723125/000072312522000036/0000723125-22-000036-index.htm",
    "finalLink": "https://www.sec.gov/Archives/edgar/data/723125/000072312522000036/mu-20220602.htm"
  },
  {
    "date": "2022-03-03",
    "symbol": "MU",
    "reportedCurrency": "USD",
    "cik": "0000723125",
    "fillingDate": "2022-03-30",
    "acceptedDate": "2022-03-30 15:47:32",
    "calendarYear": "2022",
    "period": "Q2",
    "revenue": 7786000000,
    "costOfRevenue": 4110000000,
    "grossProfit": 3676000000,
    "grossProfitRatio": 0.4721294631,
    "researchAndDevelopmentExpenses": 792000000,
    "generalAndAdministrativeExpenses": 0,
    "sellingAndMarketingExpenses": 0,
    "sellingGeneralAndAdministrativeExpenses": 263000000,
    "otherExpenses": 70000000,
    "operatingExpenses": 1125000000,
    "costAndExpenses": 5235000000,
    "interestIncome": 12000000,
    "interestExpense": 55000000,
    "depreciationAndAmortization": 1742000000,
    "ebitda": 4306000000,
    "ebitdaratio": 0.5536861033,
    "operatingIncome": 2546000000,
    "operatingIncomeRatio": 0.3269971744,
    "totalOtherIncomeExpensesNet": -37000000,
    "incomeBeforeTax": 2509000000,
    "incomeBeforeTaxRatio": 0.3222450552,
    "incomeTaxExpense": 255000000,
    "netIncome": 2263000000,
    "netIncomeRatio": 0.2906498844,
    "eps": 2,
    "epsdiluted": 2,
    "weightedAverageShsOut": 1119000000,
    "weightedAverageShsOutDil": 1130000000,
    "link": "https://www.sec.gov/Archives/edgar/data/723125/000072312522000016/0000723125-22-000016-index.htm",
    "finalLink": "https://www.sec.gov/Archives/edgar/data/723125/000072312522000016/mu-20220303.htm"
  },
  {
    "date": "2021-12-02",
    "symbol": "MU",
    "reportedCurrency": "USD",
    "cik": "0000723125",
    "fillingDate": "2022-01-06",
    "acceptedDate": "2022-01-06 15:27:43",
    "calendarYear": "2022",
    "period": "Q1",
    "revenue": 7687000000,
    "costOfRevenue": 4122000000,
    "grossProfit": 3565000000,
    "grossProfitRatio": 0.4637700013,
    "researchAndDevelopmentExpenses": 712000000,
    "generalAndAdministrativeExpenses": 0,
    "sellingAndMarketingExpenses": 0,
    "sellingGeneralAndAdministrativeExpenses": 259000000,
    "otherExpenses": -75000000,
    "operatingExpenses": 896000000,
    "costAndExpenses": 5018000000,
    "interestIncome": 10000000,
    "interestExpense": 45000000,
    "depreciationAndAmortization": 1671000000,
    "ebitda": 4237000000,
    "ebitdaratio": 0.5561337323,
    "operatingIncome": 2631000000,
    "operatingIncomeRatio": 0.3422661637,
    "totalOtherIncomeExpensesNet": -110000000,
    "incomeBeforeTax": 2521000000,
    "incomeBeforeTaxRatio": 0.3279562898,
    "incomeTaxExpense": 219000000,
    "netIncome": 2306000000,
    "netIncomeRatio": 0.299986991,
    "eps": 2.06,
    "epsdiluted": 2.04,
    "weightedAverageShsOut": 1119000000,
    "weightedAverageShsOutDil": 1130000000,
    "link": "https://www.sec.gov/Archives/edgar/data/723125/000072312522000004/0000723125-22-000004-index.htm",
    "finalLink": "https://www.sec.gov/Archives/edgar/data/723125/000072312522000004/mu-20211202.htm"
  },
  {
    "date": "2021-09-02",
    "symbol": "MU",
    "reportedCurrency": "USD",
    "cik": "0000723125",
    "fillingDate": "2021-10-08",
    "acceptedDate": "2021-10-08 13:23:24",
    "calendarYear": "2021",
    "period": "Q4",
    "revenue": 8274000000,
    "costOfRevenue": 4362000000,
    "grossProfit": 3912000000,
    "grossProfitRatio": 0.4728063814,
    "researchAndDevelopmentExpenses": 705000000,
    "generalAndAdministrativeExpenses": 0,
    "sellingAndMarketingExpenses": 0,
    "sellingGeneralAndAdministrativeExpenses": 236000000,
    "otherExpenses": 19000000,
    "operatingExpenses": 935000000,
    "costAndExpenses": 5297000000,
    "interestIncome": 9000000,
    "interestExpense": 47000000,
    "depreciationAndAmortization": 1621000000,
    "ebitda": 4604000000,
    "ebitdaratio": 0.5591007977,
    "operatingIncome": 2955000000,
    "operatingIncomeRatio": 0.3571428571,
    "totalOtherIncomeExpensesNet": -19000000,
    "incomeBeforeTax": 2936000000,
    "incomeBeforeTaxRatio": 0.3548465071,
    "incomeTaxExpense": 230000000,
    "netIncome": 2720000000,
    "netIncomeRatio": 0.3287406333,
    "eps": 2.42,
    "epsdiluted": 2.39,
    "weightedAverageShsOut": 1123000000,
    "weightedAverageShsOutDil": 1138000000,
    "link": "https://www.sec.gov/Archives/edgar/data/723125/000072312521000065/0000723125-21-000065-index.htm",
    "finalLink": "https://www.sec.gov/Archives/edgar/data/723125/000072312521000065/mu-20210902.htm"
  },
  {
    "date": "2021-06-03",
    "symbol": "MU",
    "reportedCurrency": "USD",
    "cik": "0000723125",
    "fillingDate": "2021-07-01",
    "acceptedDate": "2021-07-01 14:04:20",
    "calendarYear": "2021",
    "period": "Q3",
    "revenue": 7422000000,
    "costOfRevenue": 4296000000,
    "grossProfit": 3126000000,
    "grossProfitRatio": 0.4211802749,
    "researchAndDevelopmentExpenses": 670000000,
    "generalAndAdministrativeExpenses": 0,
    "sellingAndMarketingExpenses": 0,
    "sellingGeneralAndAdministrativeExpenses": 230000000,
    "otherExpenses": 45000000,
    "operatingExpenses": 874000000,
    "costAndExpenses": 5170000000,
    "interestIncome": 8000000,
    "interestExpense": 46000000,
    "depreciationAndAmortization": 1557000000,
    "ebitda": 3409000000,
    "ebitdaratio": 0.5203449205,
    "operatingIncome": 1799000000,
    "operatingIncomeRatio": 0.2423874966,
    "totalOtherIncomeExpensesNet": 7000000,
    "incomeBeforeTax": 1806000000,
    "incomeBeforeTaxRatio": 0.2433306386,
    "incomeTaxExpense": 65000000,
    "netIncome": 1735000000,
    "netIncomeRatio": 0.233764484,
    "eps": 1.55,
    "epsdiluted": 1.52,
    "weightedAverageShsOut": 1121000000,
    "weightedAverageShsOutDil": 1145000000,
    "link": "https://www.sec.gov/Archives/edgar/data/723125/000072312521000052/0000723125-21-000052-index.htm",
    "finalLink": "https://www.sec.gov/Archives/edgar/data/723125/000072312521000052/mu-20210603.htm"
  },
  {
    "date": "2021-03-04",
    "symbol": "MU",
    "reportedCurrency": "USD",
    "cik": "0000723125",
    "fillingDate": "2021-04-01",
    "acceptedDate": "2021-04-01 13:49:08",
    "calendarYear": "2021",
    "period": "Q2",
    "revenue": 6236000000,
    "costOfRevenue": 4587000000,
    "grossProfit": 1649000000,
    "grossProfitRatio": 0.2644323284,
    "researchAndDevelopmentExpenses": 641000000,
    "generalAndAdministrativeExpenses": 0,
    "sellingAndMarketingExpenses": 0,
    "sellingGeneralAndAdministrativeExpenses": 214000000,
    "otherExpenses": 4000000,
    "operatingExpenses": 986000000,
    "costAndExpenses": 5573000000,
    "interestIncome": 10000000,
    "interestExpense": 42000000,
    "depreciationAndAmortization": 1549000000,
    "ebitda": 2226000000,
    "ebitdaratio": 0.3569595895,
    "operatingIncome": 663000000,
    "operatingIncomeRatio": 0.1063181527,
    "totalOtherIncomeExpensesNet": -28000000,
    "incomeBeforeTax": 635000000,
    "incomeBeforeTaxRatio": 0.1018280949,
    "incomeTaxExpense": 48000000,
    "netIncome": 603000000,
    "netIncomeRatio": 0.0966966004,
    "eps": 0.54,
    "epsdiluted": 0.53,
    "weightedAverageShsOut": 1120000000,
    "weightedAverageShsOutDil": 1144000000,
    "link": "https://www.sec.gov/Archives/edgar/data/723125/000072312521000032/0000723125-21-000032-index.htm",
    "finalLink": "https://www.sec.gov/Archives/edgar/data/723125/000072312521000032/mu-20210304.htm"
  },
  {
    "date": "2020-12-03",
    "symbol": "MU",
    "reportedCurrency": "USD",
    "cik": "0000723125",
    "fillingDate": "2021-01-08",
    "acceptedDate": "2021-01-08 12:49:12",
    "calendarYear": "2021",
    "period": "Q1",
    "revenue": 5773000000,
    "costOfRevenue": 4037000000,
    "grossProfit": 1736000000,
    "grossProfitRatio": 0.3007102027,
    "researchAndDevelopmentExpenses": 647000000,
    "generalAndAdministrativeExpenses": 0,
    "sellingAndMarketingExpenses": 0,
    "sellingGeneralAndAdministrativeExpenses": 214000000,
    "otherExpenses": 13000000,
    "operatingExpenses": 870000000,
    "costAndExpenses": 4907000000,
    "interestIncome": 10000000,
    "interestExpense": 48000000,
    "depreciationAndAmortization": 1487000000,
    "ebitda": 2376000000,
    "ebitdaratio": 0.4115711069,
    "operatingIncome": 866000000,
    "operatingIncomeRatio": 0.150008661,
    "totalOtherIncomeExpensesNet": -25000000,
    "incomeBeforeTax": 841000000,
    "incomeBeforeTaxRatio": 0.1456781569,
    "incomeTaxExpense": 51000000,
    "netIncome": 803000000,
    "netIncomeRatio": 0.1390957908,
    "eps": 0.72,
    "epsdiluted": 0.71,
    "weightedAverageShsOut": 1115000000,
    "weightedAverageShsOutDil": 1135000000,
    "link": "https://www.sec.gov/Archives/edgar/data/723125/000072312521000012/0000723125-21-000012-index.htm",
    "finalLink": "https://www.sec.gov/Archives/edgar/data/723125/000072312521000012/mu-20201203.htm"
  },
  {
    "date": "2020-09-03",
    "symbol": "MU",
    "reportedCurrency": "USD",
    "cik": "0000723125",
    "fillingDate": "2020-10-19",
    "acceptedDate": "2020-10-19 14:36:42",
    "calendarYear": "2020",
    "period": "Q4",
    "revenue": 6056000000,
    "costOfRevenue": 3988000000,
    "grossProfit": 2068000000,
    "grossProfitRatio": 0.3414795244,
    "researchAndDevelopmentExpenses": 630000000,
    "generalAndAdministrativeExpenses": 0,
    "sellingAndMarketingExpenses": 0,
    "sellingGeneralAndAdministrativeExpenses": 231000000,
    "otherExpenses": 5000000,
    "operatingExpenses": 911000000,
    "costAndExpenses": 4899000000,
    "interestIncome": 13000000,
    "interestExpense": 50000000,
    "depreciationAndAmortization": 1567000000,
    "ebitda": 2742000000,
    "ebitdaratio": 0.4527741083,
    "operatingIncome": 1157000000,
    "operatingIncomeRatio": 0.1910501982,
    "totalOtherIncomeExpensesNet": -79000000,
    "incomeBeforeTax": 1125000000,
    "incomeBeforeTaxRatio": 0.1857661823,
    "incomeTaxExpense": 136000000,
    "netIncome": 988000000,
    "netIncomeRatio": 0.1631439894,
    "eps": 0.89,
    "epsdiluted": 0.87,
    "weightedAverageShsOut": 1111000000,
    "weightedAverageShsOutDil": 1131000000,
    "link": "https://www.sec.gov/Archives/edgar/data/723125/000072312520000082/0000723125-20-000082-index.htm",
    "finalLink": "https://www.sec.gov/Archives/edgar/data/723125/000072312520000082/mu-20200903.htm"
  },
  {
    "date": "2020-05-28",
    "symbol": "MU",
    "reportedCurrency": "USD",
    "cik": "0000723125",
    "fillingDate": "2020-06-29",
    "acceptedDate": "2020-06-30 12:12:44",
    "calendarYear": "2020",
    "period": "Q3",
    "revenue": 5438000000,
    "costOfRevenue": 3675000000,
    "grossProfit": 1763000000,
    "grossProfitRatio": 0.3242000736,
    "researchAndDevelopmentExpenses": 649000000,
    "generalAndAdministrativeExpenses": 0,
    "sellingAndMarketingExpenses": 0,
    "sellingGeneralAndAdministrativeExpenses": 216000000,
    "otherExpenses": 10000000,
    "operatingExpenses": 875000000,
    "costAndExpenses": 4550000000,
    "interestIncome": 23000000,
    "interestExpense": 51000000,
    "depreciationAndAmortization": 1422000000,
    "ebitda": 2343000000,
    "ebitdaratio": 0.4308569327,
    "operatingIncome": 888000000,
    "operatingIncomeRatio": 0.1632953292,
    "totalOtherIncomeExpensesNet": -18000000,
    "incomeBeforeTax": 870000000,
    "incomeBeforeTaxRatio": 0.1599852887,
    "incomeTaxExpense": 68000000,
    "netIncome": 803000000,
    "netIncomeRatio": 0.1476645826,
    "eps": 0.72,
    "epsdiluted": 0.71,
    "weightedAverageShsOut": 1111000000,
    "weightedAverageShsOutDil": 1129000000,
    "link": "https://www.sec.gov/Archives/edgar/data/723125/000072312520000067/0000723125-20-000067-index.htm",
    "finalLink": "https://www.sec.gov/Archives/edgar/data/723125/000072312520000067/mu-20200528.htm"
  },
  {
    "date": "2020-02-27",
    "symbol": "MU",
    "reportedCurrency": "USD",
    "cik": "0000723125",
    "fillingDate": "2020-03-26",
    "acceptedDate": "2020-03-26 13:52:52",
    "calendarYear": "2020",
    "period": "Q2",
    "revenue": 4797000000,
    "costOfRevenue": 3442000000,
    "grossProfit": 1355000000,
    "grossProfitRatio": 0.2824682093,
    "researchAndDevelopmentExpenses": 681000000,
    "generalAndAdministrativeExpenses": 0,
    "sellingAndMarketingExpenses": 0,
    "sellingGeneralAndAdministrativeExpenses": 223000000,
    "otherExpenses": -1000000,
    "operatingExpenses": 915000000,
    "costAndExpenses": 4357000000,
    "interestIncome": 34000000,
    "interestExpense": 46000000,
    "depreciationAndAmortization": 1365000000,
    "ebitda": 1838000000,
    "ebitdaratio": 0.3831561393,
    "operatingIncome": 440000000,
    "operatingIncomeRatio": 0.0917239942,
    "totalOtherIncomeExpensesNet": -13000000,
    "incomeBeforeTax": 427000000,
    "incomeBeforeTaxRatio": 0.0890139671,
    "incomeTaxExpense": 21000000,
    "netIncome": 405000000,
    "netIncomeRatio": 0.0844277674,
    "eps": 0.37,
    "epsdiluted": 0.36,
    "weightedAverageShsOut": 1111000000,
    "weightedAverageShsOutDil": 1133000000,
    "link": "https://www.sec.gov/Archives/edgar/data/723125/000072312520000034/0000723125-20-000034-index.htm",
    "finalLink": "https://www.sec.gov/Archives/edgar/data/723125/000072312520000034/mu-20200227.htm"
  },
  {
    "date": "2019-11-28",
    "symbol": "MU",
    "reportedCurrency": "USD",
    "cik": "0000723125",
    "fillingDate": "2019-12-20",
    "acceptedDate": "2019-12-20 12:21:53",
    "calendarYear": "2020",
    "period": "Q1",
    "revenue": 5144000000,
    "costOfRevenue": 3778000000,
    "grossProfit": 1366000000,
    "grossProfitRatio": 0.2655520995,
    "researchAndDevelopmentExpenses": 640000000,
    "generalAndAdministrativeExpenses": 0,
    "sellingAndMarketingExpenses": 0,
    "sellingGeneralAndAdministrativeExpenses": 211000000,
    "otherExpenses": 46000000,
    "operatingExpenses": 848000000,
    "costAndExpenses": 4626000000,
    "interestIncome": 44000000,
    "interestExpense": 47000000,
    "depreciationAndAmortization": 1296000000,
    "ebitda": 1904000000,
    "ebitdaratio": 0.3701399689,
    "operatingIncome": 518000000,
    "operatingIncomeRatio": 0.1006998445,
    "totalOtherIncomeExpensesNet": 43000000,
    "incomeBeforeTax": 561000000,
    "incomeBeforeTaxRatio": 0.109059098,
    "incomeTaxExpense": 55000000,
    "netIncome": 491000000,
    "netIncomeRatio": 0.0954510109,
    "eps": 0.44,
    "epsdiluted": 0.43,
    "weightedAverageShsOut": 1107000000,
    "weightedAverageShsOutDil": 1129000000,
    "link": "https://www.sec.gov/Archives/edgar/data/723125/000072312519000174/0000723125-19-000174-index.htm",
    "finalLink": "https://www.sec.gov/Archives/edgar/data/723125/000072312519000174/mu-20191128.htm"
  },
  {
    "date": "2019-08-29",
    "symbol": "MU",
    "reportedCurrency": "USD",
    "cik": "0000723125",
    "fillingDate": "2019-10-17",
    "acceptedDate": "2019-10-17 14:44:04",
    "calendarYear": "2019",
    "period": "Q4",
    "revenue": 4870000000,
    "costOfRevenue": 3475000000,
    "grossProfit": 1395000000,
    "grossProfitRatio": 0.2864476386,
    "researchAndDevelopmentExpenses": 623000000,
    "generalAndAdministrativeExpenses": 0,
    "sellingAndMarketingExpenses": 0,
    "sellingGeneralAndAdministrativeExpenses": 212000000,
    "otherExpenses": -13000000,
    "operatingExpenses": 745000000,
    "costAndExpenses": 4220000000,
    "interestIncome": 57000000,
    "interestExpense": 39000000,
    "depreciationAndAmortization": 1426000000,
    "ebitda": 2110000000,
    "ebitdaratio": 0.4262833676,
    "operatingIncome": 650000000,
    "operatingIncomeRatio": 0.1334702259,
    "totalOtherIncomeExpensesNet": 5000000,
    "incomeBeforeTax": 655000000,
    "incomeBeforeTaxRatio": 0.1344969199,
    "incomeTaxExpense": 71000000,
    "netIncome": 561000000,
    "netIncomeRatio": 0.1151950719,
    "eps": 0.51,
    "epsdiluted": 0.49,
    "weightedAverageShsOut": 1104000000,
    "weightedAverageShsOutDil": 1128000000,
    "link": "https://www.sec.gov/Archives/edgar/data/723125/000072312519000094/0000723125-19-000094-index.htm",
    "finalLink": "https://www.sec.gov/Archives/edgar/data/723125/000072312519000094/a2019q4.htm"
  },
  {
    "date": "2019-05-30",
    "symbol": "MU",
    "reportedCurrency": "USD",
    "cik": "0000723125",
    "fillingDate": "2019-06-26",
    "acceptedDate": "2019-06-26 16:00:55",
    "calendarYear": "2019",
    "period": "Q3",
    "revenue": 4788000000,
    "costOfRevenue": 2960000000,
    "grossProfit": 1828000000,
    "grossProfitRatio": 0.3817878028,
    "researchAndDevelopmentExpenses": 606000000,
    "generalAndAdministrativeExpenses": 0,
    "sellingAndMarketingExpenses": 0,
    "sellingGeneralAndAdministrativeExpenses": 206000000,
    "otherExpenses": -317000000,
    "operatingExpenses": 818000000,
    "costAndExpenses": 3778000000,
    "interestIncome": 52000000,
    "interestExpense": 29000000,
    "depreciationAndAmortization": 1370000000,
    "ebitda": 2105000000,
    "ebitdaratio": 0.4970760234,
    "operatingIncome": 1010000000,
    "operatingIncomeRatio": 0.2109440267,
    "totalOtherIncomeExpensesNet": -294000000,
    "incomeBeforeTax": 716000000,
    "incomeBeforeTaxRatio": 0.149540518,
    "incomeTaxExpense": -135000000,
    "netIncome": 840000000,
    "netIncomeRatio": 0.1754385965,
    "eps": 0.76,
    "epsdiluted": 0.74,
    "weightedAverageShsOut": 1105000000,
    "weightedAverageShsOutDil": 1129000000,
    "link": "https://www.sec.gov/Archives/edgar/data/723125/000072312519000035/0000723125-19-000035-index.htm",
    "finalLink": "https://www.sec.gov/Archives/edgar/data/723125/000072312519000035/a2019q3.htm"
  },
  {
    "date": "2019-02-28",
    "symbol": "MU",
    "reportedCurrency": "USD",
    "cik": "0000723125",
    "fillingDate": "2019-03-21",
    "acceptedDate": "2019-03-21 15:11:06",
    "calendarYear": "2019",
    "period": "Q2",
    "revenue": 5835000000,
    "costOfRevenue": 2971000000,
    "grossProfit": 2864000000,
    "grossProfitRatio": 0.4908311911,
    "researchAndDevelopmentExpenses": 601000000,
    "generalAndAdministrativeExpenses": 0,
    "sellingAndMarketingExpenses": 0,
    "sellingGeneralAndAdministrativeExpenses": 209000000,
    "otherExpenses": -84000000,
    "operatingExpenses": 907000000,
    "costAndExpenses": 3878000000,
    "interestIncome": 58000000,
    "interestExpense": 27000000,
    "depreciationAndAmortization": 1324000000,
    "ebitda": 3244000000,
    "ebitdaratio": 0.5622964867,
    "operatingIncome": 1957000000,
    "operatingIncomeRatio": 0.3353898886,
    "totalOtherIncomeExpensesNet": -53000000,
    "incomeBeforeTax": 1904000000,
    "incomeBeforeTaxRatio": 0.3263067695,
    "incomeTaxExpense": 280000000,
    "netIncome": 1619000000,
    "netIncomeRatio": 0.2774635818,
    "eps": 1.45,
    "epsdiluted": 1.42,
    "weightedAverageShsOut": 1114000000,
    "weightedAverageShsOutDil": 1141000000,
    "link": "https://www.sec.gov/Archives/edgar/data/723125/000072312519000014/0000723125-19-000014-index.htm",
    "finalLink": "https://www.sec.gov/Archives/edgar/data/723125/000072312519000014/a2019q2.htm"
  },
  {
    "date": "2018-11-29",
    "symbol": "MU",
    "reportedCurrency": "USD",
    "cik": "0000723125",
    "fillingDate": "2018-12-19",
    "acceptedDate": "2018-12-19 10:49:25",
    "calendarYear": "2019",
    "period": "Q1",
    "revenue": 7913000000,
    "costOfRevenue": 3298000000,
    "grossProfit": 4615000000,
    "grossProfitRatio": 0.5832174902,
    "researchAndDevelopmentExpenses": 611000000,
    "generalAndAdministrativeExpenses": 0,
    "sellingAndMarketingExpenses": 0,
    "sellingGeneralAndAdministrativeExpenses": 209000000,
    "otherExpenses": 9000000,
    "operatingExpenses": 856000000,
    "costAndExpenses": 4154000000,
    "interestIncome": 38000000,
    "interestExpense": 33000000,
    "depreciationAndAmortization": 1353000000,
    "ebitda": 5141000000,
    "ebitdaratio": 0.6460255276,
    "operatingIncome": 3759000000,
    "operatingIncomeRatio": 0.4750410717,
    "totalOtherIncomeExpensesNet": -19000000,
    "incomeBeforeTax": 3773000000,
    "incomeBeforeTaxRatio": 0.4768103121,
    "incomeTaxExpense": 477000000,
    "netIncome": 3293000000,
    "netIncomeRatio": 0.4161506382,
    "eps": 2.91,
    "epsdiluted": 2.81,
    "weightedAverageShsOut": 1133000000,
    "weightedAverageShsOutDil": 1174000000,
    "link": "https://www.sec.gov/Archives/edgar/data/723125/000072312518000156/0000723125-18-000156-index.htm",
    "finalLink": "https://www.sec.gov/Archives/edgar/data/723125/000072312518000156/a2019q1.htm"
  },
  {
    "date": "2018-08-30",
    "symbol": "MU",
    "reportedCurrency": "USD",
    "cik": "0000723125",
    "fillingDate": "2018-10-15",
    "acceptedDate": "2018-10-15 14:40:51",
    "calendarYear": "2018",
    "period": "Q4",
    "revenue": 8440000000,
    "costOfRevenue": 3289000000,
    "grossProfit": 5151000000,
    "grossProfitRatio": 0.6103080569,
    "researchAndDevelopmentExpenses": 567000000,
    "generalAndAdministrativeExpenses": 0,
    "sellingAndMarketingExpenses": 0,
    "sellingGeneralAndAdministrativeExpenses": 215000000,
    "otherExpenses": -15000000,
    "operatingExpenses": 774000000,
    "costAndExpenses": 4063000000,
    "interestIncome": 34000000,
    "interestExpense": 50000000,
    "depreciationAndAmortization": 1308000000,
    "ebitda": 5681000000,
    "ebitdaratio": 0.6735781991,
    "operatingIncome": 4377000000,
    "operatingIncomeRatio": 0.5186018957,
    "totalOtherIncomeExpensesNet": -31000000,
    "incomeBeforeTax": 4346000000,
    "incomeBeforeTaxRatio": 0.51492891,
    "incomeTaxExpense": 20000000,
    "netIncome": 4325000000,
    "netIncomeRatio": 0.5124407583,
    "eps": 3.73,
    "epsdiluted": 3.56,
    "weightedAverageShsOut": 1159000000,
    "weightedAverageShsOutDil": 1216000000,
    "link": "https://www.sec.gov/Archives/edgar/data/723125/000072312518000092/0000723125-18-000092-index.htm",
    "finalLink": "https://www.sec.gov/Archives/edgar/data/723125/000072312518000092/a2018q4.htm"
  },
  {
    "date": "2018-05-31",
    "symbol": "MU",
    "reportedCurrency": "USD",
    "cik": "0000723125",
    "fillingDate": "2018-06-22",
    "acceptedDate": "2018-06-22 11:39:04",
    "calendarYear": "2018",
    "period": "Q3",
    "revenue": 7797000000,
    "costOfRevenue": 3074000000,
    "grossProfit": 4723000000,
    "grossProfitRatio": 0.6057457997,
    "researchAndDevelopmentExpenses": 603000000,
    "generalAndAdministrativeExpenses": 0,
    "sellingAndMarketingExpenses": 0,
    "sellingGeneralAndAdministrativeExpenses": 211000000,
    "otherExpenses": -2000000,
    "operatingExpenses": 770000000,
    "costAndExpenses": 3844000000,
    "interestIncome": 36000000,
    "interestExpense": 80000000,
    "depreciationAndAmortization": 1256000000,
    "ebitda": 5029000000,
    "ebitdaratio": 0.6927023214,
    "operatingIncome": 3953000000,
    "operatingIncomeRatio": 0.5069898679,
    "totalOtherIncomeExpensesNet": -237000000,
    "incomeBeforeTax": 3715000000,
    "incomeBeforeTaxRatio": 0.4764653072,
    "incomeTaxExpense": -109000000,
    "netIncome": 3823000000,
    "netIncomeRatio": 0.4903167885,
    "eps": 3.3,
    "epsdiluted": 3.1,
    "weightedAverageShsOut": 1159000000,
    "weightedAverageShsOutDil": 1235000000,
    "link": "https://www.sec.gov/Archives/edgar/data/723125/000072312518000065/0000723125-18-000065-index.htm",
    "finalLink": "https://www.sec.gov/Archives/edgar/data/723125/000072312518000065/a2018q3.htm"
  },
  {
    "date": "2018-03-01",
    "symbol": "MU",
    "reportedCurrency": "USD",
    "cik": "0000723125",
    "fillingDate": "2018-03-23",
    "acceptedDate": "2018-03-23 14:52:31",
    "calendarYear": "2018",
    "period": "Q2",
    "revenue": 7351000000,
    "costOfRevenue": 3081000000,
    "grossProfit": 4270000000,
    "grossProfitRatio": 0.5808733506,
    "researchAndDevelopmentExpenses": 523000000,
    "generalAndAdministrativeExpenses": 0,
    "sellingAndMarketingExpenses": 0,
    "sellingGeneralAndAdministrativeExpenses": 196000000,
    "otherExpenses": -3000000,
    "operatingExpenses": 703000000,
    "costAndExpenses": 3784000000,
    "interestIncome": 27000000,
    "interestExpense": 88000000,
    "depreciationAndAmortization": 1177000000,
    "ebitda": 4692000000,
    "ebitdaratio": 0.6521561692,
    "operatingIncome": 3567000000,
    "operatingIncomeRatio": 0.4852401034,
    "totalOtherIncomeExpensesNet": -114000000,
    "incomeBeforeTax": 3453000000,
    "incomeBeforeTaxRatio": 0.4697320093,
    "incomeTaxExpense": 143000000,
    "netIncome": 3309000000,
    "netIncomeRatio": 0.4501428377,
    "eps": 2.86,
    "epsdiluted": 2.67,
    "weightedAverageShsOut": 1156000000,
    "weightedAverageShsOutDil": 1238000000,
    "link": "https://www.sec.gov/Archives/edgar/data/723125/000072312518000036/0000723125-18-000036-index.htm",
    "finalLink": "https://www.sec.gov/Archives/edgar/data/723125/000072312518000036/a2018q2.htm"
  },
  {
    "date": "2017-11-30",
    "symbol": "MU",
    "reportedCurrency": "USD",
    "cik": "0000723125",
    "fillingDate": "2017-12-20",
    "acceptedDate": "2017-12-20 14:56:35",
    "calendarYear": "2018",
    "period": "Q1",
    "revenue": 6803000000,
    "costOfRevenue": 3056000000,
    "grossProfit": 3747000000,
    "grossProfitRatio": 0.5507864178,
    "researchAndDevelopmentExpenses": 448000000,
    "generalAndAdministrativeExpenses": 0,
    "sellingAndMarketingExpenses": 0,
    "sellingGeneralAndAdministrativeExpenses": 191000000,
    "otherExpenses": 11000000,
    "operatingExpenses": 650000000,
    "costAndExpenses": 3706000000,
    "interestIncome": 23000000,
    "interestExpense": 124000000,
    "depreciationAndAmortization": 1119000000,
    "ebitda": 4006000000,
    "ebitdaratio": 0.6497133618,
    "operatingIncome": 3097000000,
    "operatingIncomeRatio": 0.4552403351,
    "totalOtherIncomeExpensesNet": -305000000,
    "incomeBeforeTax": 2792000000,
    "incomeBeforeTaxRatio": 0.4104071733,
    "incomeTaxExpense": 114000000,
    "netIncome": 2678000000,
    "netIncomeRatio": 0.3936498604,
    "eps": 2.36,
    "epsdiluted": 2.19,
    "weightedAverageShsOut": 1134000000,
    "weightedAverageShsOutDil": 1225000000,
    "link": "https://www.sec.gov/Archives/edgar/data/723125/000072312517000166/0000723125-17-000166-index.htm",
    "finalLink": "https://www.sec.gov/Archives/edgar/data/723125/000072312517000166/a2018q1.htm"
  },
  {
    "date": "2017-08-31",
    "symbol": "MU",
    "reportedCurrency": "USD",
    "cik": "0000723125",
    "fillingDate": "2017-10-26",
    "acceptedDate": "2017-10-26 12:51:41",
    "calendarYear": "2017",
    "period": "Q4",
    "revenue": 6138000000,
    "costOfRevenue": 3026000000,
    "grossProfit": 3112000000,
    "grossProfitRatio": 0.5070055393,
    "researchAndDevelopmentExpenses": 447000000,
    "generalAndAdministrativeExpenses": 0,
    "sellingAndMarketingExpenses": 0,
    "sellingGeneralAndAdministrativeExpenses": 193000000,
    "otherExpenses": 19000000,
    "operatingExpenses": 637000000,
    "costAndExpenses": 3663000000,
    "interestIncome": 16000000,
    "interestExpense": 148000000,
    "depreciationAndAmortization": 1098000000,
    "ebitda": 3539000000,
    "ebitdaratio": 0.5856956663,
    "operatingIncome": 2502000000,
    "operatingIncomeRatio": 0.4076246334,
    "totalOtherIncomeExpensesNet": -151000000,
    "incomeBeforeTax": 2321000000,
    "incomeBeforeTaxRatio": 0.3781362007,
    "incomeTaxExpense": -47000000,
    "netIncome": 2368000000,
    "netIncomeRatio": 0.3857934181,
    "eps": 2.13,
    "epsdiluted": 1.99,
    "weightedAverageShsOut": 1109000000,
    "weightedAverageShsOutDil": 1187000000,
    "link": "https://www.sec.gov/Archives/edgar/data/723125/000072312517000131/0000723125-17-000131-index.htm",
    "finalLink": "https://www.sec.gov/Archives/edgar/data/723125/000072312517000131/a2017q4.htm"
  },
  {
    "date": "2017-06-01",
    "symbol": "MU",
    "reportedCurrency": "USD",
    "cik": "0000723125",
    "fillingDate": "2017-06-30",
    "acceptedDate": "2017-06-30 11:51:53",
    "calendarYear": "2017",
    "period": "Q3",
    "revenue": 5566000000,
    "costOfRevenue": 2957000000,
    "grossProfit": 2609000000,
    "grossProfitRatio": 0.4687387711,
    "researchAndDevelopmentExpenses": 434000000,
    "generalAndAdministrativeExpenses": 0,
    "sellingAndMarketingExpenses": 0,
    "sellingGeneralAndAdministrativeExpenses": 204000000,
    "otherExpenses": -83000000,
    "operatingExpenses": 634000000,
    "costAndExpenses": 3591000000,
    "interestIncome": 10000000,
    "interestExpense": 153000000,
    "depreciationAndAmortization": 1051000000,
    "ebitda": 2911000000,
    "ebitdaratio": 0.5458138699,
    "operatingIncome": 1963000000,
    "operatingIncomeRatio": 0.3526769673,
    "totalOtherIncomeExpensesNet": -226000000,
    "incomeBeforeTax": 1737000000,
    "incomeBeforeTaxRatio": 0.3120733022,
    "incomeTaxExpense": 92000000,
    "netIncome": 1647000000,
    "netIncomeRatio": 0.295903701,
    "eps": 1.49,
    "epsdiluted": 1.4,
    "weightedAverageShsOut": 1106000000,
    "weightedAverageShsOutDil": 1177000000,
    "link": "https://www.sec.gov/Archives/edgar/data/723125/000072312517000085/0000723125-17-000085-index.htm",
    "finalLink": "https://www.sec.gov/Archives/edgar/data/723125/000072312517000085/a2017q3.htm"
  },
  {
    "date": "2017-03-02",
    "symbol": "MU",
    "reportedCurrency": "USD",
    "cik": "0000723125",
    "fillingDate": "2017-03-28",
    "acceptedDate": "2017-03-28 12:12:39",
    "calendarYear": "2017",
    "period": "Q2",
    "revenue": 4648000000,
    "costOfRevenue": 2944000000,
    "grossProfit": 1704000000,
    "grossProfitRatio": 0.3666092943,
    "researchAndDevelopmentExpenses": 473000000,
    "generalAndAdministrativeExpenses": 0,
    "sellingAndMarketingExpenses": 0,
    "sellingGeneralAndAdministrativeExpenses": 187000000,
    "otherExpenses": 34000000,
    "operatingExpenses": 656000000,
    "costAndExpenses": 3600000000,
    "interestIncome": 8000000,
    "interestExpense": 161000000,
    "depreciationAndAmortization": 1034000000,
    "ebitda": 2089000000,
    "ebitdaratio": 0.4487951807,
    "operatingIncome": 1044000000,
    "operatingIncomeRatio": 0.2246127367,
    "totalOtherIncomeExpensesNet": -119000000,
    "incomeBeforeTax": 925000000,
    "incomeBeforeTaxRatio": 0.199010327,
    "incomeTaxExpense": 38000000,
    "netIncome": 894000000,
    "netIncomeRatio": 0.1923407917,
    "eps": 0.81,
    "epsdiluted": 0.77,
    "weightedAverageShsOut": 1099000000,
    "weightedAverageShsOutDil": 1160000000,
    "link": "https://www.sec.gov/Archives/edgar/data/723125/000072312517000037/0000723125-17-000037-index.htm",
    "finalLink": "https://www.sec.gov/Archives/edgar/data/723125/000072312517000037/a2017q2.htm"
  },
  {
    "date": "2016-12-01",
    "symbol": "MU",
    "reportedCurrency": "USD",
    "cik": "0000723125",
    "fillingDate": "2017-01-09",
    "acceptedDate": "2017-01-09 12:12:32",
    "calendarYear": "2017",
    "period": "Q1",
    "revenue": 3970000000,
    "costOfRevenue": 2959000000,
    "grossProfit": 1011000000,
    "grossProfitRatio": 0.2546599496,
    "researchAndDevelopmentExpenses": 470000000,
    "generalAndAdministrativeExpenses": 0,
    "sellingAndMarketingExpenses": 0,
    "sellingGeneralAndAdministrativeExpenses": 159000000,
    "otherExpenses": -14000000,
    "operatingExpenses": 623000000,
    "costAndExpenses": 3582000000,
    "interestIncome": 7000000,
    "interestExpense": 139000000,
    "depreciationAndAmortization": 803000000,
    "ebitda": 1123000000,
    "ebitdaratio": 0.3073047859,
    "operatingIncome": 359000000,
    "operatingIncomeRatio": 0.0904282116,
    "totalOtherIncomeExpensesNet": -146000000,
    "incomeBeforeTax": 213000000,
    "incomeBeforeTaxRatio": 0.0536523929,
    "incomeTaxExpense": 31000000,
    "netIncome": 180000000,
    "netIncomeRatio": 0.0453400504,
    "eps": 0.17,
    "epsdiluted": 0.16,
    "weightedAverageShsOut": 1040000000,
    "weightedAverageShsOutDil": 1091000000,
    "link": "https://www.sec.gov/Archives/edgar/data/723125/000072312517000005/0000723125-17-000005-index.htm",
    "finalLink": "https://www.sec.gov/Archives/edgar/data/723125/000072312517000005/a2017q1.htm"
  },
  {
    "date": "2016-09-01",
    "symbol": "MU",
    "reportedCurrency": "USD",
    "cik": "0000723125",
    "fillingDate": "2016-10-28",
    "acceptedDate": "2016-10-28 13:49:01",
    "calendarYear": "2016",
    "period": "Q4",
    "revenue": 3217000000,
    "costOfRevenue": 2638000000,
    "grossProfit": 579000000,
    "grossProfitRatio": 0.1799813491,
    "researchAndDevelopmentExpenses": 411000000,
    "generalAndAdministrativeExpenses": 0,
    "sellingAndMarketingExpenses": 0,
    "sellingGeneralAndAdministrativeExpenses": 157000000,
    "otherExpenses": 1000000,
    "operatingExpenses": 560000000,
    "costAndExpenses": 3198000000,
    "interestIncome": 9000000,
    "interestExpense": 135000000,
    "depreciationAndAmortization": 746000000,
    "ebitda": 681000000,
    "ebitdaratio": 0.257071806,
    "operatingIncome": -32000000,
    "operatingIncomeRatio": -0.0099471557,
    "totalOtherIncomeExpensesNet": -186000000,
    "incomeBeforeTax": -168000000,
    "incomeBeforeTaxRatio": -0.0522225676,
    "incomeTaxExpense": 3000000,
    "netIncome": -170000000,
    "netIncomeRatio": -0.0528442648,
    "eps": -0.17,
    "epsdiluted": -0.16,
    "weightedAverageShsOut": 1000400160,
    "weightedAverageShsOutDil": 1037000000,
    "link": "https://www.sec.gov/Archives/edgar/data/723125/000072312516000269/0000723125-16-000269-index.htm",
    "finalLink": "https://www.sec.gov/Archives/edgar/data/723125/000072312516000269/a2016q4.htm"
  },
  {
    "date": "2016-06-02",
    "symbol": "MU",
    "reportedCurrency": "USD",
    "cik": "0000723125",
    "fillingDate": "2016-07-06",
    "acceptedDate": "2016-07-06 14:02:03",
    "calendarYear": "2016",
    "period": "Q3",
    "revenue": 2898000000,
    "costOfRevenue": 2400000000,
    "grossProfit": 498000000,
    "grossProfitRatio": 0.1718426501,
    "researchAndDevelopmentExpenses": 382000000,
    "generalAndAdministrativeExpenses": 0,
    "sellingAndMarketingExpenses": 0,
    "sellingGeneralAndAdministrativeExpenses": 148000000,
    "otherExpenses": -26000000,
    "operatingExpenses": 525000000,
    "costAndExpenses": 2925000000,
    "interestIncome": 10000000,
    "interestExpense": 109000000,
    "depreciationAndAmortization": 785000000,
    "ebitda": 704000000,
    "ebitdaratio": 0.2643202208,
    "operatingIncome": -27000000,
    "operatingIncomeRatio": -0.0093167702,
    "totalOtherIncomeExpensesNet": -173000000,
    "incomeBeforeTax": -160000000,
    "incomeBeforeTaxRatio": -0.05521049,
    "incomeTaxExpense": 15000000,
    "netIncome": -215000000,
    "netIncomeRatio": -0.0741890959,
    "eps": -0.21,
    "epsdiluted": -0.21,
    "weightedAverageShsOut": 1023809523,
    "weightedAverageShsOutDil": 1036000000,
    "link": "https://www.sec.gov/Archives/edgar/data/723125/000072312516000201/0000723125-16-000201-index.htm",
    "finalLink": "https://www.sec.gov/Archives/edgar/data/723125/000072312516000201/a2016q3.htm"
  },
  {
    "date": "2016-03-03",
    "symbol": "MU",
    "reportedCurrency": "USD",
    "cik": "0000723125",
    "fillingDate": "2016-04-08",
    "acceptedDate": "2016-04-08 14:28:32",
    "calendarYear": "2016",
    "period": "Q2",
    "revenue": 2934000000,
    "costOfRevenue": 2355000000,
    "grossProfit": 579000000,
    "grossProfitRatio": 0.1973415133,
    "researchAndDevelopmentExpenses": 403000000,
    "generalAndAdministrativeExpenses": 0,
    "sellingAndMarketingExpenses": 0,
    "sellingGeneralAndAdministrativeExpenses": 175000000,
    "otherExpenses": -1000000,
    "operatingExpenses": 584000000,
    "costAndExpenses": 2939000000,
    "interestIncome": 12000000,
    "interestExpense": 97000000,
    "depreciationAndAmortization": 805000000,
    "ebitda": 775000000,
    "ebitdaratio": 0.2743694615,
    "operatingIncome": -5000000,
    "operatingIncomeRatio": -0.0017041581,
    "totalOtherIncomeExpensesNet": -86000000,
    "incomeBeforeTax": -96000000,
    "incomeBeforeTaxRatio": -0.0327198364,
    "incomeTaxExpense": 5000000,
    "netIncome": -97000000,
    "netIncomeRatio": -0.033060668,
    "eps": -0.0936,
    "epsdiluted": -0.0936,
    "weightedAverageShsOut": 1036000000,
    "weightedAverageShsOutDil": 1036000000,
    "link": "https://www.sec.gov/Archives/edgar/data/723125/000072312516000176/0000723125-16-000176-index.htm",
    "finalLink": "https://www.sec.gov/Archives/edgar/data/723125/000072312516000176/a2016q2.htm"
  },
  {
    "date": "2015-12-03",
    "symbol": "MU",
    "reportedCurrency": "USD",
    "cik": "0000723125",
    "fillingDate": "2016-01-08",
    "acceptedDate": "2016-01-08 13:54:55",
    "calendarYear": "2016",
    "period": "Q1",
    "revenue": 3350000000,
    "costOfRevenue": 2501000000,
    "grossProfit": 849000000,
    "grossProfitRatio": 0.2534328358,
    "researchAndDevelopmentExpenses": 421000000,
    "generalAndAdministrativeExpenses": 0,
    "sellingAndMarketingExpenses": 0,
    "sellingGeneralAndAdministrativeExpenses": 179000000,
    "otherExpenses": 0,
    "operatingExpenses": 617000000,
    "costAndExpenses": 3118000000,
    "interestIncome": 11000000,
    "interestExpense": 96000000,
    "depreciationAndAmortization": 770000000,
    "ebitda": 976000000,
    "ebitdaratio": 0.3002985075,
    "operatingIncome": 232000000,
    "operatingIncomeRatio": 0.0692537313,
    "totalOtherIncomeExpensesNet": -30000000,
    "incomeBeforeTax": 143000000,
    "incomeBeforeTaxRatio": 0.0426865672,
    "incomeTaxExpense": -4000000,
    "netIncome": 206000000,
    "netIncomeRatio": 0.0614925373,
    "eps": 0.2,
    "epsdiluted": 0.19,
    "weightedAverageShsOut": 1035000000,
    "weightedAverageShsOutDil": 1085000000,
    "link": "https://www.sec.gov/Archives/edgar/data/723125/000072312516000146/0000723125-16-000146-index.htm",
    "finalLink": "https://www.sec.gov/Archives/edgar/data/723125/000072312516000146/a2016q1.htm"
  },
  {
    "date": "2015-09-03",
    "symbol": "MU",
    "reportedCurrency": "USD",
    "cik": "0000723125",
    "fillingDate": "2015-10-27",
    "acceptedDate": "2015-10-27 15:37:39",
    "calendarYear": "2015",
    "period": "Q4",
    "revenue": 3600000000,
    "costOfRevenue": 2630000000,
    "grossProfit": 970000000,
    "grossProfitRatio": 0.2694444444,
    "researchAndDevelopmentExpenses": 379000000,
    "generalAndAdministrativeExpenses": 0,
    "sellingAndMarketingExpenses": 0,
    "sellingGeneralAndAdministrativeExpenses": 170000000,
    "otherExpenses": 20000000,
    "operatingExpenses": 543000000,
    "costAndExpenses": 3173000000,
    "interestIncome": 11000000,
    "interestExpense": 101000000,
    "depreciationAndAmortization": 743000000,
    "ebitda": 1166000000,
    "ebitdaratio": 0.3255555556,
    "operatingIncome": 427000000,
    "operatingIncomeRatio": 0.1186111111,
    "totalOtherIncomeExpensesNet": -25000000,
    "incomeBeforeTax": 355000000,
    "incomeBeforeTaxRatio": 0.0986111111,
    "incomeTaxExpense": -69000000,
    "netIncome": 471000000,
    "netIncomeRatio": 0.1308333333,
    "eps": 0.44,
    "epsdiluted": 0.42,
    "weightedAverageShsOut": 1060000000,
    "weightedAverageShsOutDil": 1124000000,
    "link": "https://www.sec.gov/Archives/edgar/data/723125/000072312515000112/0000723125-15-000112-index.htm",
    "finalLink": "https://www.sec.gov/Archives/edgar/data/723125/000072312515000112/a2015q4.htm"
  },
  {
    "date": "2015-06-04",
    "symbol": "MU",
    "reportedCurrency": "USD",
    "cik": "0000723125",
    "fillingDate": "2015-07-10",
    "acceptedDate": "2015-07-10 15:08:19",
    "calendarYear": "2015",
    "period": "Q3",
    "revenue": 3853000000,
    "costOfRevenue": 2651000000,
    "grossProfit": 1202000000,
    "grossProfitRatio": 0.3119647028,
    "researchAndDevelopmentExpenses": 406000000,
    "generalAndAdministrativeExpenses": 0,
    "sellingAndMarketingExpenses": 0,
    "sellingGeneralAndAdministrativeExpenses": 169000000,
    "otherExpenses": 1000000,
    "operatingExpenses": 571000000,
    "costAndExpenses": 3222000000,
    "interestIncome": 9000000,
    "interestExpense": 97000000,
    "depreciationAndAmortization": 707000000,
    "ebitda": 1297000000,
    "ebitdaratio": 0.3516740202,
    "operatingIncome": 631000000,
    "operatingIncomeRatio": 0.1637684921,
    "totalOtherIncomeExpensesNet": -36000000,
    "incomeBeforeTax": 527000000,
    "incomeBeforeTaxRatio": 0.1367765378,
    "incomeTaxExpense": 104000000,
    "netIncome": 491000000,
    "netIncomeRatio": 0.127433169,
    "eps": 0.46,
    "epsdiluted": 0.42,
    "weightedAverageShsOut": 1073000000,
    "weightedAverageShsOutDil": 1170000000,
    "link": "https://www.sec.gov/Archives/edgar/data/723125/000072312515000063/0000723125-15-000063-index.htm",
    "finalLink": "https://www.sec.gov/Archives/edgar/data/723125/000072312515000063/a2015q3.htm"
  },
  {
    "date": "2015-03-05",
    "symbol": "MU",
    "reportedCurrency": "USD",
    "cik": "0000723125",
    "fillingDate": "2015-04-10",
    "acceptedDate": "2015-04-10 14:11:37",
    "calendarYear": "2015",
    "period": "Q2",
    "revenue": 4166000000,
    "costOfRevenue": 2761000000,
    "grossProfit": 1405000000,
    "grossProfitRatio": 0.3372539606,
    "researchAndDevelopmentExpenses": 379000000,
    "generalAndAdministrativeExpenses": 0,
    "sellingAndMarketingExpenses": 0,
    "sellingGeneralAndAdministrativeExpenses": 187000000,
    "otherExpenses": -12000000,
    "operatingExpenses": 550000000,
    "costAndExpenses": 3311000000,
    "interestIncome": 8000000,
    "interestExpense": 83000000,
    "depreciationAndAmortization": 674000000,
    "ebitda": 1498000000,
    "ebitdaratio": 0.3684589534,
    "operatingIncome": 855000000,
    "operatingIncomeRatio": 0.2052328373,
    "totalOtherIncomeExpensesNet": -81000000,
    "incomeBeforeTax": 774000000,
    "incomeBeforeTaxRatio": 0.1857897264,
    "incomeTaxExpense": 47000000,
    "netIncome": 934000000,
    "netIncomeRatio": 0.2241958713,
    "eps": 0.87,
    "epsdiluted": 0.78,
    "weightedAverageShsOut": 1074000000,
    "weightedAverageShsOutDil": 1190000000,
    "link": "https://www.sec.gov/Archives/edgar/data/723125/000072312515000039/0000723125-15-000039-index.htm",
    "finalLink": "https://www.sec.gov/Archives/edgar/data/723125/000072312515000039/a2015q2.htm"
  },
  {
    "date": "2014-12-04",
    "symbol": "MU",
    "reportedCurrency": "USD",
    "cik": "0000723125",
    "fillingDate": "2015-01-09",
    "acceptedDate": "2015-01-09 13:01:10",
    "calendarYear": "2015",
    "period": "Q1",
    "revenue": 4573000000,
    "costOfRevenue": 2935000000,
    "grossProfit": 1638000000,
    "grossProfitRatio": 0.3581893724,
    "researchAndDevelopmentExpenses": 376000000,
    "generalAndAdministrativeExpenses": 0,
    "sellingAndMarketingExpenses": 0,
    "sellingGeneralAndAdministrativeExpenses": 193000000,
    "otherExpenses": 1000000,
    "operatingExpenses": 553000000,
    "costAndExpenses": 3488000000,
    "interestIncome": 7000000,
    "interestExpense": 90000000,
    "depreciationAndAmortization": 681000000,
    "ebitda": 1686000000,
    "ebitdaratio": 0.3971134922,
    "operatingIncome": 1085000000,
    "operatingIncomeRatio": 0.2372621911,
    "totalOtherIncomeExpensesNet": -132000000,
    "incomeBeforeTax": 953000000,
    "incomeBeforeTaxRatio": 0.2083971135,
    "incomeTaxExpense": 75000000,
    "netIncome": 1003000000,
    "netIncomeRatio": 0.219330855,
    "eps": 0.94,
    "epsdiluted": 0.84,
    "weightedAverageShsOut": 1070000000,
    "weightedAverageShsOutDil": 1195000000,
    "link": "https://www.sec.gov/Archives/edgar/data/723125/000072312515000010/0000723125-15-000010-index.htm",
    "finalLink": "https://www.sec.gov/Archives/edgar/data/723125/000072312515000010/a2015q1.htm"
  },
  {
    "date": "2014-08-28",
    "symbol": "MU",
    "reportedCurrency": "USD",
    "cik": "0000723125",
    "fillingDate": "2014-10-27",
    "acceptedDate": "2014-10-27 16:21:54",
    "calendarYear": "2014",
    "period": "Q4",
    "revenue": 4227000000,
    "costOfRevenue": 2842000000,
    "grossProfit": 1385000000,
    "grossProfitRatio": 0.3276555477,
    "researchAndDevelopmentExpenses": 358000000,
    "generalAndAdministrativeExpenses": 0,
    "sellingAndMarketingExpenses": 0,
    "sellingGeneralAndAdministrativeExpenses": 180000000,
    "otherExpenses": 95000000,
    "operatingExpenses": 535000000,
    "costAndExpenses": 3377000000,
    "interestIncome": 7000000,
    "interestExpense": 88000000,
    "depreciationAndAmortization": 590000000,
    "ebitda": 1359000000,
    "ebitdaratio": 0.3215046132,
    "operatingIncome": 828000000,
    "operatingIncomeRatio": 0.1958836054,
    "totalOtherIncomeExpensesNet": 44000000,
    "incomeBeforeTax": 945000000,
    "incomeBeforeTaxRatio": 0.2235628105,
    "incomeTaxExpense": -87000000,
    "netIncome": 1150000000,
    "netIncomeRatio": 0.272060563,
    "eps": 1.08,
    "epsdiluted": 0.96,
    "weightedAverageShsOut": 1068000000,
    "weightedAverageShsOutDil": 1203000000,
    "link": "https://www.sec.gov/Archives/edgar/data/723125/000072312514000195/0000723125-14-000195-index.htm",
    "finalLink": "https://www.sec.gov/Archives/edgar/data/723125/000072312514000195/a2014q4.htm"
  },
  {
    "date": "2014-05-29",
    "symbol": "MU",
    "reportedCurrency": "USD",
    "cik": "0000723125",
    "fillingDate": "2014-07-03",
    "acceptedDate": "2014-07-03 13:38:01",
    "calendarYear": "2014",
    "period": "Q3",
    "revenue": 3982000000,
    "costOfRevenue": 2614000000,
    "grossProfit": 1368000000,
    "grossProfitRatio": 0.3435459568,
    "researchAndDevelopmentExpenses": 349000000,
    "generalAndAdministrativeExpenses": 0,
    "sellingAndMarketingExpenses": 0,
    "sellingGeneralAndAdministrativeExpenses": 174000000,
    "otherExpenses": -3000000,
    "operatingExpenses": 520000000,
    "costAndExpenses": 3134000000,
    "interestIncome": 5000000,
    "interestExpense": 80000000,
    "depreciationAndAmortization": 578000000,
    "ebitda": 1365000000,
    "ebitdaratio": 0.3656454043,
    "operatingIncome": 839000000,
    "operatingIncomeRatio": 0.2106981416,
    "totalOtherIncomeExpensesNet": -96000000,
    "incomeBeforeTax": 743000000,
    "incomeBeforeTaxRatio": 0.1865896534,
    "incomeTaxExpense": 72000000,
    "netIncome": 806000000,
    "netIncomeRatio": 0.2024108488,
    "eps": 0.76,
    "epsdiluted": 0.68,
    "weightedAverageShsOut": 1067000000,
    "weightedAverageShsOutDil": 1190000000,
    "link": "https://www.sec.gov/Archives/edgar/data/723125/000072312514000120/0000723125-14-000120-index.htm",
    "finalLink": "https://www.sec.gov/Archives/edgar/data/723125/000072312514000120/a2014q3.htm"
  },
  {
    "date": "2014-02-27",
    "symbol": "MU",
    "reportedCurrency": "USD",
    "cik": "0000723125",
    "fillingDate": "2014-04-07",
    "acceptedDate": "2014-04-07 16:04:13",
    "calendarYear": "2014",
    "period": "Q2",
    "revenue": 4107000000,
    "costOfRevenue": 2704000000,
    "grossProfit": 1403000000,
    "grossProfitRatio": 0.3416118822,
    "researchAndDevelopmentExpenses": 344000000,
    "generalAndAdministrativeExpenses": 0,
    "sellingAndMarketingExpenses": 0,
    "sellingGeneralAndAdministrativeExpenses": 177000000,
    "otherExpenses": 5000000,
    "operatingExpenses": 522000000,
    "costAndExpenses": 3226000000,
    "interestIncome": 6000000,
    "interestExpense": 83000000,
    "depreciationAndAmortization": 561000000,
    "ebitda": 1270000000,
    "ebitdaratio": 0.3849525201,
    "operatingIncome": 869000000,
    "operatingIncomeRatio": 0.2115899683,
    "totalOtherIncomeExpensesNet": -199000000,
    "incomeBeforeTax": 670000000,
    "incomeBeforeTaxRatio": 0.1631361091,
    "incomeTaxExpense": 63000000,
    "netIncome": 731000000,
    "netIncomeRatio": 0.1779887996,
    "eps": 0.69,
    "epsdiluted": 0.61,
    "weightedAverageShsOut": 1060000000,
    "weightedAverageShsOutDil": 1201000000,
    "link": "https://www.sec.gov/Archives/edgar/data/723125/000072312514000068/0000723125-14-000068-index.htm",
    "finalLink": "https://www.sec.gov/Archives/edgar/data/723125/000072312514000068/a2014q2.htm"
  },
  {
    "date": "2013-11-28",
    "symbol": "MU",
    "reportedCurrency": "USD",
    "cik": "0000723125",
    "fillingDate": "2014-01-07",
    "acceptedDate": "2014-01-07 16:13:09",
    "calendarYear": "2014",
    "period": "Q1",
    "revenue": 4042000000,
    "costOfRevenue": 2761000000,
    "grossProfit": 1281000000,
    "grossProfitRatio": 0.3169223157,
    "researchAndDevelopmentExpenses": 320000000,
    "generalAndAdministrativeExpenses": 0,
    "sellingAndMarketingExpenses": 0,
    "sellingGeneralAndAdministrativeExpenses": 176000000,
    "otherExpenses": 1000000,
    "operatingExpenses": 500000000,
    "costAndExpenses": 3261000000,
    "interestIncome": 5000000,
    "interestExpense": 101000000,
    "depreciationAndAmortization": 541000000,
    "ebitda": 967000000,
    "ebitdaratio": 0.4040079169,
    "operatingIncome": 551000000,
    "operatingIncomeRatio": 0.1363186541,
    "totalOtherIncomeExpensesNet": -176000000,
    "incomeBeforeTax": 375000000,
    "incomeBeforeTaxRatio": 0.0927758535,
    "incomeTaxExpense": 80000000,
    "netIncome": 358000000,
    "netIncomeRatio": 0.0885700148,
    "eps": 0.34,
    "epsdiluted": 0.3,
    "weightedAverageShsOut": 1046000000,
    "weightedAverageShsOutDil": 1196000000,
    "link": "https://www.sec.gov/Archives/edgar/data/723125/000072312514000013/0000723125-14-000013-index.htm",
    "finalLink": "https://www.sec.gov/Archives/edgar/data/723125/000072312514000013/a2014q1.htm"
  },
  {
    "date": "2013-08-29",
    "symbol": "MU",
    "reportedCurrency": "USD",
    "cik": "0000723125",
    "fillingDate": "2013-10-28",
    "acceptedDate": "2013-10-28 16:39:35",
    "calendarYear": "2013",
    "period": "Q4",
    "revenue": 2843000000,
    "costOfRevenue": 2135000000,
    "grossProfit": 708000000,
    "grossProfitRatio": 0.2490327119,
    "researchAndDevelopmentExpenses": 267000000,
    "generalAndAdministrativeExpenses": 0,
    "sellingAndMarketingExpenses": 0,
    "sellingGeneralAndAdministrativeExpenses": 193000000,
    "otherExpenses": 47000000,
    "operatingExpenses": 469000000,
    "costAndExpenses": 2604000000,
    "interestIncome": 6000000,
    "interestExpense": 64000000,
    "depreciationAndAmortization": 364000000,
    "ebitda": -847000000,
    "ebitdaratio": -0.2979247274,
    "operatingIncome": 207000000,
    "operatingIncomeRatio": 0.0728104115,
    "totalOtherIncomeExpensesNet": 1388000000,
    "incomeBeforeTax": 1678000000,
    "incomeBeforeTaxRatio": 0.5902215969,
    "incomeTaxExpense": 5000000,
    "netIncome": 1708000000,
    "netIncomeRatio": 0.6007738305,
    "eps": 1.65,
    "epsdiluted": 1.51,
    "weightedAverageShsOut": 1033200000,
    "weightedAverageShsOutDil": 1129400000,
    "link": "https://www.sec.gov/Archives/edgar/data/723125/000072312513000228/0000723125-13-000228-index.htm",
    "finalLink": "https://www.sec.gov/Archives/edgar/data/723125/000072312513000228/a2013q4.htm"
  },
  {
    "date": "2013-05-30",
    "symbol": "MU",
    "reportedCurrency": "USD",
    "cik": "0000723125",
    "fillingDate": "2013-07-08",
    "acceptedDate": "2013-07-08 16:38:44",
    "calendarYear": "2013",
    "period": "Q3",
    "revenue": 2318000000,
    "costOfRevenue": 1762000000,
    "grossProfit": 556000000,
    "grossProfitRatio": 0.23986195,
    "researchAndDevelopmentExpenses": 226000000,
    "generalAndAdministrativeExpenses": 0,
    "sellingAndMarketingExpenses": 0,
    "sellingGeneralAndAdministrativeExpenses": 127000000,
    "otherExpenses": 1000000,
    "operatingExpenses": 347000000,
    "costAndExpenses": 2109000000,
    "interestIncome": 2000000,
    "interestExpense": 54000000,
    "depreciationAndAmortization": 470000000,
    "ebitda": 548000000,
    "ebitdaratio": 0.3386540121,
    "operatingIncome": 149000000,
    "operatingIncomeRatio": 0.0642795513,
    "totalOtherIncomeExpensesNet": -105000000,
    "incomeBeforeTax": 52000000,
    "incomeBeforeTaxRatio": 0.022433132,
    "incomeTaxExpense": -1000000,
    "netIncome": 43000000,
    "netIncomeRatio": 0.0185504745,
    "eps": 0.04,
    "epsdiluted": 0.04,
    "weightedAverageShsOut": 1024000000,
    "weightedAverageShsOutDil": 1046600000,
    "link": "https://www.sec.gov/Archives/edgar/data/723125/000072312513000108/0000723125-13-000108-index.htm",
    "finalLink": "https://www.sec.gov/Archives/edgar/data/723125/000072312513000108/a2013q3.htm"
  },
  {
    "date": "2013-02-28",
    "symbol": "MU",
    "reportedCurrency": "USD",
    "cik": "0000723125",
    "fillingDate": "2013-04-08",
    "acceptedDate": "2013-04-08 16:34:38",
    "calendarYear": "2013",
    "period": "Q2",
    "revenue": 2078000000,
    "costOfRevenue": 1712000000,
    "grossProfit": 366000000,
    "grossProfitRatio": 0.1761308951,
    "researchAndDevelopmentExpenses": 214000000,
    "generalAndAdministrativeExpenses": 0,
    "sellingAndMarketingExpenses": 0,
    "sellingGeneralAndAdministrativeExpenses": 123000000,
    "otherExpenses": -1000000,
    "operatingExpenses": 337000000,
    "costAndExpenses": 2049000000,
    "interestIncome": 3000000,
    "interestExpense": 56000000,
    "depreciationAndAmortization": 455000000,
    "ebitda": 276000000,
    "ebitdaratio": 0.115014437,
    "operatingIncome": -23000000,
    "operatingIncomeRatio": -0.0110683349,
    "totalOtherIncomeExpensesNet": -304000000,
    "incomeBeforeTax": -235000000,
    "incomeBeforeTaxRatio": -0.1130895091,
    "incomeTaxExpense": -9000000,
    "netIncome": -286000000,
    "netIncomeRatio": -0.1376323388,
    "eps": -0.28,
    "epsdiluted": -0.28,
    "weightedAverageShsOut": 1016000000,
    "weightedAverageShsOutDil": 1016000000,
    "link": "https://www.sec.gov/Archives/edgar/data/723125/000072312513000042/0000723125-13-000042-index.htm",
    "finalLink": "https://www.sec.gov/Archives/edgar/data/723125/000072312513000042/a2013q2.htm"
  },
  {
    "date": "2012-11-29",
    "symbol": "MU",
    "reportedCurrency": "USD",
    "cik": "0000723125",
    "fillingDate": "2013-01-07",
    "acceptedDate": "2013-01-07 17:06:33",
    "calendarYear": "2013",
    "period": "Q1",
    "revenue": 1834000000,
    "costOfRevenue": 1617000000,
    "grossProfit": 217000000,
    "grossProfitRatio": 0.1183206107,
    "researchAndDevelopmentExpenses": 224000000,
    "generalAndAdministrativeExpenses": 0,
    "sellingAndMarketingExpenses": 0,
    "sellingGeneralAndAdministrativeExpenses": 119000000,
    "otherExpenses": 31000000,
    "operatingExpenses": 374000000,
    "costAndExpenses": 1991000000,
    "interestIncome": 3000000,
    "interestExpense": 54000000,
    "depreciationAndAmortization": 457000000,
    "ebitda": 334000000,
    "ebitdaratio": -0.0856052345,
    "operatingIncome": -157000000,
    "operatingIncomeRatio": -0.0856052345,
    "totalOtherIncomeExpensesNet": -139000000,
    "incomeBeforeTax": -212000000,
    "incomeBeforeTaxRatio": -0.1155943293,
    "incomeTaxExpense": 13000000,
    "netIncome": -275000000,
    "netIncomeRatio": -0.1499454744,
    "eps": -0.27,
    "epsdiluted": -0.27,
    "weightedAverageShsOut": 1013700000,
    "weightedAverageShsOutDil": 1013700000,
    "link": "https://www.sec.gov/Archives/edgar/data/723125/000072312513000007/0000723125-13-000007-index.htm",
    "finalLink": "https://www.sec.gov/Archives/edgar/data/723125/000072312513000007/a2013q1.htm"
  },
  {
    "date": "2012-08-30",
    "symbol": "MU",
    "reportedCurrency": "USD",
    "cik": "0000723125",
    "fillingDate": "2012-10-29",
    "acceptedDate": "2012-10-29 16:49:33",
    "calendarYear": "2012",
    "period": "Q4",
    "revenue": 1963000000,
    "costOfRevenue": 1744000000,
    "grossProfit": 219000000,
    "grossProfitRatio": 0.1115639328,
    "researchAndDevelopmentExpenses": 235000000,
    "generalAndAdministrativeExpenses": 0,
    "sellingAndMarketingExpenses": 0,
    "sellingGeneralAndAdministrativeExpenses": 139000000,
    "otherExpenses": 0,
    "operatingExpenses": 374000000,
    "costAndExpenses": 2118000000,
    "interestIncome": 1000000,
    "interestExpense": 53000000,
    "depreciationAndAmortization": 483000000,
    "ebitda": 340000000,
    "ebitdaratio": 0.1676006113,
    "operatingIncome": -140000000,
    "operatingIncomeRatio": -0.0713194091,
    "totalOtherIncomeExpensesNet": -56000000,
    "incomeBeforeTax": -196000000,
    "incomeBeforeTaxRatio": -0.0998471727,
    "incomeTaxExpense": 14000000,
    "netIncome": -243000000,
    "netIncomeRatio": -0.1237901172,
    "eps": -0.24,
    "epsdiluted": -0.24,
    "weightedAverageShsOut": 1012300000,
    "weightedAverageShsOutDil": 1013100000,
    "link": "https://www.sec.gov/Archives/edgar/data/723125/000072312512000156/0000723125-12-000156-index.htm",
    "finalLink": "https://www.sec.gov/Archives/edgar/data/723125/000072312512000156/a2012q4.htm"
  },
  {
    "date": "2012-05-31",
    "symbol": "MU",
    "reportedCurrency": "USD",
    "cik": "0000723125",
    "fillingDate": "2012-07-09",
    "acceptedDate": "2012-07-09 16:11:10",
    "calendarYear": "2012",
    "period": "Q3",
    "revenue": 2172000000,
    "costOfRevenue": 1938000000,
    "grossProfit": 234000000,
    "grossProfitRatio": 0.1077348066,
    "researchAndDevelopmentExpenses": 231000000,
    "generalAndAdministrativeExpenses": 0,
    "sellingAndMarketingExpenses": 0,
    "sellingGeneralAndAdministrativeExpenses": 156000000,
    "otherExpenses": 0,
    "operatingExpenses": 420000000,
    "costAndExpenses": 2358000000,
    "interestIncome": 3000000,
    "interestExpense": 53000000,
    "depreciationAndAmortization": 525000000,
    "ebitda": 338000000,
    "ebitdaratio": -0.0856353591,
    "operatingIncome": -191000000,
    "operatingIncomeRatio": -0.0879373849,
    "totalOtherIncomeExpensesNet": -94000000,
    "incomeBeforeTax": -243000000,
    "incomeBeforeTaxRatio": -0.111878453,
    "incomeTaxExpense": -38000000,
    "netIncome": -320000000,
    "netIncomeRatio": -0.1473296501,
    "eps": -0.32,
    "epsdiluted": -0.32,
    "weightedAverageShsOut": 987300000,
    "weightedAverageShsOutDil": 987300000,
    "link": "https://www.sec.gov/Archives/edgar/data/723125/000072312512000084/0000723125-12-000084-index.htm",
    "finalLink": "https://www.sec.gov/Archives/edgar/data/723125/000072312512000084/a2012q3.htm"
  },
  {
    "date": "2012-03-01",
    "symbol": "MU",
    "reportedCurrency": "USD",
    "cik": "0000723125",
    "fillingDate": "2012-04-09",
    "acceptedDate": "2012-04-09 16:07:05",
    "calendarYear": "2012",
    "period": "Q2",
    "revenue": 2067000000,
    "costOfRevenue": 1799000000,
    "grossProfit": 268000000,
    "grossProfitRatio": 0.129656507,
    "researchAndDevelopmentExpenses": 222000000,
    "generalAndAdministrativeExpenses": 0,
    "sellingAndMarketingExpenses": 0,
    "sellingGeneralAndAdministrativeExpenses": 174000000,
    "otherExpenses": 19000000,
    "operatingExpenses": 416000000,
    "costAndExpenses": 2215000000,
    "interestIncome": 2000000,
    "interestExpense": 35000000,
    "depreciationAndAmortization": 569000000,
    "ebitda": 404000000,
    "ebitdaratio": -0.0904692791,
    "operatingIncome": -148000000,
    "operatingIncomeRatio": -0.0716013546,
    "totalOtherIncomeExpensesNet": -87000000,
    "incomeBeforeTax": -142000000,
    "incomeBeforeTaxRatio": -0.068698597,
    "incomeTaxExpense": 9000000,
    "netIncome": -224000000,
    "netIncomeRatio": -0.1083696178,
    "eps": -0.23,
    "epsdiluted": -0.23,
    "weightedAverageShsOut": 982800000,
    "weightedAverageShsOutDil": 982800000,
    "link": "https://www.sec.gov/Archives/edgar/data/723125/000072312512000057/0000723125-12-000057-index.htm",
    "finalLink": "https://www.sec.gov/Archives/edgar/data/723125/000072312512000057/a2012q2.htm"
  },
  {
    "date": "2011-12-01",
    "symbol": "MU",
    "reportedCurrency": "USD",
    "cik": "0000723125",
    "fillingDate": "2012-01-10",
    "acceptedDate": "2012-01-10 14:20:23",
    "calendarYear": "2012",
    "period": "Q1",
    "revenue": 2090000000,
    "costOfRevenue": 1785000000,
    "grossProfit": 305000000,
    "grossProfitRatio": 0.1459330144,
    "researchAndDevelopmentExpenses": 230000000,
    "generalAndAdministrativeExpenses": 0,
    "sellingAndMarketingExpenses": 0,
    "sellingGeneralAndAdministrativeExpenses": 151000000,
    "otherExpenses": 6000000,
    "operatingExpenses": 387000000,
    "costAndExpenses": 2172000000,
    "interestIncome": 2000000,
    "interestExpense": 35000000,
    "depreciationAndAmortization": 564000000,
    "ebitda": 484000000,
    "ebitdaratio": -0.0392344498,
    "operatingIncome": -82000000,
    "operatingIncomeRatio": -0.0392344498,
    "totalOtherIncomeExpensesNet": -103000000,
    "incomeBeforeTax": -115000000,
    "incomeBeforeTaxRatio": -0.0550239234,
    "incomeTaxExpense": -2000000,
    "netIncome": -187000000,
    "netIncomeRatio": -0.0894736842,
    "eps": -0.19,
    "epsdiluted": -0.19,
    "weightedAverageShsOut": 981400000,
    "weightedAverageShsOutDil": 981400000,
    "link": "https://www.sec.gov/Archives/edgar/data/723125/000072312512000007/0000723125-12-000007-index.htm",
    "finalLink": "https://www.sec.gov/Archives/edgar/data/723125/000072312512000007/a2012q1.htm"
  },
  {
    "date": "2011-09-01",
    "symbol": "MU",
    "reportedCurrency": "USD",
    "cik": "0000723125",
    "fillingDate": "2011-10-25",
    "acceptedDate": "2011-10-25 15:34:34",
    "calendarYear": "2011",
    "period": "Q4",
    "revenue": 2140000000,
    "costOfRevenue": 1819000000,
    "grossProfit": 321000000,
    "grossProfitRatio": 0.15,
    "researchAndDevelopmentExpenses": 209000000,
    "generalAndAdministrativeExpenses": 0,
    "sellingAndMarketingExpenses": 0,
    "sellingGeneralAndAdministrativeExpenses": 155000000,
    "otherExpenses": 0,
    "operatingExpenses": 364000000,
    "costAndExpenses": 2183000000,
    "interestIncome": 2000000,
    "interestExpense": 30000000,
    "depreciationAndAmortization": 555000000,
    "ebitda": 507000000,
    "ebitdaratio": 0.2401869159,
    "operatingIncome": -51000000,
    "operatingIncomeRatio": -0.0238317757,
    "totalOtherIncomeExpensesNet": -27000000,
    "incomeBeforeTax": -78000000,
    "incomeBeforeTaxRatio": -0.0364485981,
    "incomeTaxExpense": 16000000,
    "netIncome": -135000000,
    "netIncomeRatio": -0.0630841121,
    "eps": -0.14,
    "epsdiluted": -0.14,
    "weightedAverageShsOut": 992200000,
    "weightedAverageShsOutDil": 992200000,
    "link": "https://www.sec.gov/Archives/edgar/data/723125/000072312511000189/0000723125-11-000189-index.htm",
    "finalLink": "https://www.sec.gov/Archives/edgar/data/723125/000072312511000189/mu-912011x10k.htm"
  },
  {
    "date": "2011-06-02",
    "symbol": "MU",
    "reportedCurrency": "USD",
    "cik": "0000723125",
    "fillingDate": "2011-07-12",
    "acceptedDate": "2011-07-12 15:12:41",
    "calendarYear": "2011",
    "period": "Q3",
    "revenue": 2139000000,
    "costOfRevenue": 1661000000,
    "grossProfit": 478000000,
    "grossProfitRatio": 0.2234689107,
    "researchAndDevelopmentExpenses": 211000000,
    "generalAndAdministrativeExpenses": 0,
    "sellingAndMarketingExpenses": 0,
    "sellingGeneralAndAdministrativeExpenses": 151000000,
    "otherExpenses": 0,
    "operatingExpenses": 241000000,
    "costAndExpenses": 1902000000,
    "interestIncome": 6000000,
    "interestExpense": 28000000,
    "depreciationAndAmortization": 547000000,
    "ebitda": 800000000,
    "ebitdaratio": 0.1061243572,
    "operatingIncome": 237000000,
    "operatingIncomeRatio": 0.110799439,
    "totalOtherIncomeExpensesNet": -12000000,
    "incomeBeforeTax": 225000000,
    "incomeBeforeTaxRatio": 0.1051893408,
    "incomeTaxExpense": 104000000,
    "netIncome": 75000000,
    "netIncomeRatio": 0.0350631136,
    "eps": 0.07,
    "epsdiluted": 0.07,
    "weightedAverageShsOut": 998900000,
    "weightedAverageShsOutDil": 1041700000,
    "link": "https://www.sec.gov/Archives/edgar/data/723125/000072312511000122/0000723125-11-000122-index.htm",
    "finalLink": "https://www.sec.gov/Archives/edgar/data/723125/000072312511000122/mu-622011x10q.htm"
  },
  {
    "date": "2011-03-03",
    "symbol": "MU",
    "reportedCurrency": "USD",
    "cik": "0000723125",
    "fillingDate": "2011-04-12",
    "acceptedDate": "2011-04-12 16:55:00",
    "calendarYear": "2011",
    "period": "Q2",
    "revenue": 2257000000,
    "costOfRevenue": 1822000000,
    "grossProfit": 435000000,
    "grossProfitRatio": 0.1927337173,
    "researchAndDevelopmentExpenses": 186000000,
    "generalAndAdministrativeExpenses": 0,
    "sellingAndMarketingExpenses": 0,
    "sellingGeneralAndAdministrativeExpenses": 146000000,
    "otherExpenses": -76000000,
    "operatingExpenses": 256000000,
    "costAndExpenses": 2078000000,
    "interestIncome": 7000000,
    "interestExpense": 28000000,
    "depreciationAndAmortization": 486000000,
    "ebitda": 672000000,
    "ebitdaratio": 0.2977403633,
    "operatingIncome": 179000000,
    "operatingIncomeRatio": 0.079308817,
    "totalOtherIncomeExpensesNet": -21000000,
    "incomeBeforeTax": 158000000,
    "incomeBeforeTaxRatio": 0.0700044307,
    "incomeTaxExpense": 35000000,
    "netIncome": 72000000,
    "netIncomeRatio": 0.0319007532,
    "eps": 0.07,
    "epsdiluted": 0.07,
    "weightedAverageShsOut": 988100000,
    "weightedAverageShsOutDil": 1037300000,
    "link": "https://www.sec.gov/Archives/edgar/data/723125/000072312511000085/0000723125-11-000085-index.htm",
    "finalLink": "https://www.sec.gov/Archives/edgar/data/723125/000072312511000085/q2-10q_fy11.htm"
  },
  {
    "date": "2010-12-02",
    "symbol": "MU",
    "reportedCurrency": "USD",
    "cik": "0000723125",
    "fillingDate": "2011-01-11",
    "acceptedDate": "2011-01-11 15:26:05",
    "calendarYear": "2011",
    "period": "Q1",
    "revenue": 2252000000,
    "costOfRevenue": 1728000000,
    "grossProfit": 524000000,
    "grossProfitRatio": 0.2326820604,
    "researchAndDevelopmentExpenses": 185000000,
    "generalAndAdministrativeExpenses": 0,
    "sellingAndMarketingExpenses": 0,
    "sellingGeneralAndAdministrativeExpenses": 140000000,
    "otherExpenses": -191000000,
    "operatingExpenses": 134000000,
    "costAndExpenses": 1862000000,
    "interestIncome": 8000000,
    "interestExpense": 38000000,
    "depreciationAndAmortization": 517000000,
    "ebitda": 784000000,
    "ebitdaratio": 0.4063055062,
    "operatingIncome": 390000000,
    "operatingIncomeRatio": 0.1731793961,
    "totalOtherIncomeExpensesNet": -144000000,
    "incomeBeforeTax": 246000000,
    "incomeBeforeTaxRatio": 0.1092362345,
    "incomeTaxExpense": 48000000,
    "netIncome": 155000000,
    "netIncomeRatio": 0.0688277087,
    "eps": 0.16,
    "epsdiluted": 0.15,
    "weightedAverageShsOut": 972900000,
    "weightedAverageShsOutDil": 1031300000,
    "link": "https://www.sec.gov/Archives/edgar/data/723125/000072312511000037/0000723125-11-000037-index.htm",
    "finalLink": "https://www.sec.gov/Archives/edgar/data/723125/000072312511000037/q1-10q_fy11.htm"
  },
  {
    "date": "2010-09-02",
    "symbol": "MU",
    "reportedCurrency": "USD",
    "cik": "0000723125",
    "fillingDate": "2010-10-26",
    "acceptedDate": "2010-10-26 13:57:47",
    "calendarYear": "2010",
    "period": "Q4",
    "revenue": 2493000000,
    "costOfRevenue": 1712000000,
    "grossProfit": 781000000,
    "grossProfitRatio": 0.3132771761,
    "researchAndDevelopmentExpenses": 197000000,
    "generalAndAdministrativeExpenses": 0,
    "sellingAndMarketingExpenses": 0,
    "sellingGeneralAndAdministrativeExpenses": 141000000,
    "otherExpenses": 13000000,
    "operatingExpenses": 351000000,
    "costAndExpenses": 2063000000,
    "interestIncome": 10000000,
    "interestExpense": 41000000,
    "depreciationAndAmortization": 531000000,
    "ebitda": 972000000,
    "ebitdaratio": 0.3894905736,
    "operatingIncome": 433000000,
    "operatingIncomeRatio": 0.1736863217,
    "totalOtherIncomeExpensesNet": -33000000,
    "incomeBeforeTax": 400000000,
    "incomeBeforeTaxRatio": 0.1604492579,
    "incomeTaxExpense": 25000000,
    "netIncome": 342000000,
    "netIncomeRatio": 0.1371841155,
    "eps": 0.3,
    "epsdiluted": 0.3,
    "weightedAverageShsOut": 1142600000,
    "weightedAverageShsOutDil": 1142600000,
    "link": "https://www.sec.gov/Archives/edgar/data/723125/000072312510000174/0000723125-10-000174-index.htm",
    "finalLink": "https://www.sec.gov/Archives/edgar/data/723125/000072312510000174/q4fy2010.htm"
  },
  {
    "date": "2010-06-03",
    "symbol": "MU",
    "reportedCurrency": "USD",
    "cik": "0000723125",
    "fillingDate": "2010-07-13",
    "acceptedDate": "2010-07-13 16:15:15",
    "calendarYear": "2010",
    "period": "Q3",
    "revenue": 2288000000,
    "costOfRevenue": 1440000000,
    "grossProfit": 848000000,
    "grossProfitRatio": 0.3706293706,
    "researchAndDevelopmentExpenses": 142000000,
    "generalAndAdministrativeExpenses": 0,
    "sellingAndMarketingExpenses": 0,
    "sellingGeneralAndAdministrativeExpenses": 190000000,
    "otherExpenses": -19000000,
    "operatingExpenses": 313000000,
    "costAndExpenses": 1753000000,
    "interestIncome": 4000000,
    "interestExpense": 44000000,
    "depreciationAndAmortization": 497000000,
    "ebitda": 1036000000,
    "ebitdaratio": 0.4527972028,
    "operatingIncome": 540000000,
    "operatingIncomeRatio": 0.236013986,
    "totalOtherIncomeExpensesNet": 398000000,
    "incomeBeforeTax": 938000000,
    "incomeBeforeTaxRatio": 0.409965035,
    "incomeTaxExpense": -41000000,
    "netIncome": 939000000,
    "netIncomeRatio": 0.4104020979,
    "eps": 1.06,
    "epsdiluted": 0.92,
    "weightedAverageShsOut": 885400000,
    "weightedAverageShsOutDil": 1049400000,
    "link": "https://www.sec.gov/Archives/edgar/data/723125/000072312510000091/0000723125-10-000091-index.htm",
    "finalLink": "https://www.sec.gov/Archives/edgar/data/723125/000072312510000091/q3-fy2010.htm"
  },
  {
    "date": "2010-03-04",
    "symbol": "MU",
    "reportedCurrency": "USD",
    "cik": "0000723125",
    "fillingDate": "2010-04-09",
    "acceptedDate": "2010-04-09 16:32:25",
    "calendarYear": "2010",
    "period": "Q2",
    "revenue": 1961000000,
    "costOfRevenue": 1319000000,
    "grossProfit": 642000000,
    "grossProfitRatio": 0.3273839878,
    "researchAndDevelopmentExpenses": 148000000,
    "generalAndAdministrativeExpenses": 0,
    "sellingAndMarketingExpenses": 0,
    "sellingGeneralAndAdministrativeExpenses": 100000000,
    "otherExpenses": -20000000,
    "operatingExpenses": 228000000,
    "costAndExpenses": 1547000000,
    "interestIncome": 2000000,
    "interestExpense": 46000000,
    "depreciationAndAmortization": 486000000,
    "ebitda": 862000000,
    "ebitdaratio": 0.4599694034,
    "operatingIncome": 415000000,
    "operatingIncomeRatio": 0.2116267211,
    "totalOtherIncomeExpensesNet": -45000000,
    "incomeBeforeTax": 370000000,
    "incomeBeforeTaxRatio": 0.1886792453,
    "incomeTaxExpense": 4000000,
    "netIncome": 365000000,
    "netIncomeRatio": 0.1861295258,
    "eps": 0.43,
    "epsdiluted": 0.39,
    "weightedAverageShsOut": 847600000,
    "weightedAverageShsOutDil": 1005300000,
    "link": "https://www.sec.gov/Archives/edgar/data/723125/000072312510000050/0000723125-10-000050-index.htm",
    "finalLink": "https://www.sec.gov/Archives/edgar/data/723125/000072312510000050/q2fy10_10-q.htm"
  },
  {
    "date": "2009-12-03",
    "symbol": "MU",
    "reportedCurrency": "USD",
    "cik": "0000723125",
    "fillingDate": "2010-01-12",
    "acceptedDate": "2010-01-12 14:40:38",
    "calendarYear": "2010",
    "period": "Q1",
    "revenue": 1740000000,
    "costOfRevenue": 1297000000,
    "grossProfit": 443000000,
    "grossProfitRatio": 0.2545977011,
    "researchAndDevelopmentExpenses": 137000000,
    "generalAndAdministrativeExpenses": 0,
    "sellingAndMarketingExpenses": 0,
    "sellingGeneralAndAdministrativeExpenses": 97000000,
    "otherExpenses": 9000000,
    "operatingExpenses": 243000000,
    "costAndExpenses": 1540000000,
    "interestIncome": 2000000,
    "interestExpense": 47000000,
    "depreciationAndAmortization": 491000000,
    "ebitda": 750000000,
    "ebitdaratio": 0.3982758621,
    "operatingIncome": 201000000,
    "operatingIncomeRatio": 0.1155172414,
    "totalOtherIncomeExpensesNet": 3000000,
    "incomeBeforeTax": 212000000,
    "incomeBeforeTaxRatio": 0.1218390805,
    "incomeTaxExpense": -7000000,
    "netIncome": 204000000,
    "netIncomeRatio": 0.1172413793,
    "eps": 0.24,
    "epsdiluted": 0.23,
    "weightedAverageShsOut": 846300000,
    "weightedAverageShsOutDil": 1000700000,
    "link": "https://www.sec.gov/Archives/edgar/data/723125/000072312510000019/0000723125-10-000019-index.htm",
    "finalLink": "https://www.sec.gov/Archives/edgar/data/723125/000072312510000019/q1-10q_2010.htm"
  }
]