[
  {
    "date": "2024-07-28",
    "symbol": "AMAT",
    "reportedCurrency": "USD",
    "cik": "0000006951",
    "fillingDate": "2024-08-22",
    "acceptedDate": "2024-08-22 16:01:13",
    "calendarYear": "2024",
    "period": "Q3",
    "revenue": 6778000000,
    "costOfRevenue": 3573000000,
    "grossProfit": 3205000000,
    "grossProfitRatio": 0.4728533491,
    "researchAndDevelopmentExpenses": 836000000,
    "generalAndAdministrativeExpenses": 222000000,
    "sellingAndMarketingExpenses": 205000000,
    "sellingGeneralAndAdministrativeExpenses": 427000000,
    "otherExpenses": 0,
    "operatingExpenses": 1263000000,
    "costAndExpenses": 4836000000,
    "interestIncome": 81000000,
    "interestExpense": 63000000,
    "depreciationAndAmortization": 95000000,
    "ebitda": 2037000000,
    "ebitdaratio": 0.3005311301,
    "operatingIncome": 1942000000,
    "operatingIncomeRatio": 0.2865151962,
    "totalOtherIncomeExpensesNet": 18000000,
    "incomeBeforeTax": 1960000000,
    "incomeBeforeTaxRatio": 0.2891708469,
    "incomeTaxExpense": 255000000,
    "netIncome": 1705000000,
    "netIncomeRatio": 0.2515491295,
    "eps": 2.06,
    "epsdiluted": 2.05,
    "weightedAverageShsOut": 826000000,
    "weightedAverageShsOutDil": 833000000,
    "link": "https://www.sec.gov/Archives/edgar/data/6951/000000695124000032/0000006951-24-000032-index.htm",
    "finalLink": "https://www.sec.gov/Archives/edgar/data/6951/000000695124000032/amat-20240728.htm"
  },
  {
    "date": "2024-04-28",
    "symbol": "AMAT",
    "reportedCurrency": "USD",
    "cik": "0000006951",
    "fillingDate": "2024-05-23",
    "acceptedDate": "2024-05-23 16:01:55",
    "calendarYear": "2024",
    "period": "Q2",
    "revenue": 6646000000,
    "costOfRevenue": 3493000000,
    "grossProfit": 3153000000,
    "grossProfitRatio": 0.4744207042,
    "researchAndDevelopmentExpenses": 785000000,
    "generalAndAdministrativeExpenses": 247000000,
    "sellingAndMarketingExpenses": 209000000,
    "sellingGeneralAndAdministrativeExpenses": 456000000,
    "otherExpenses": 0,
    "operatingExpenses": 1241000000,
    "costAndExpenses": 4734000000,
    "interestIncome": 141000000,
    "interestExpense": 59000000,
    "depreciationAndAmortization": 96000000,
    "ebitda": 2008000000,
    "ebitdaratio": 0.3021366235,
    "operatingIncome": 1912000000,
    "operatingIncomeRatio": 0.2876918447,
    "totalOtherIncomeExpensesNet": 82000000,
    "incomeBeforeTax": 1994000000,
    "incomeBeforeTaxRatio": 0.3000300933,
    "incomeTaxExpense": 272000000,
    "netIncome": 1722000000,
    "netIncomeRatio": 0.25910322,
    "eps": 2.07,
    "epsdiluted": 2.06,
    "weightedAverageShsOut": 830000000,
    "weightedAverageShsOutDil": 836000000,
    "link": "https://www.sec.gov/Archives/edgar/data/6951/000000695124000022/0000006951-24-000022-index.htm",
    "finalLink": "https://www.sec.gov/Archives/edgar/data/6951/000000695124000022/amat-20240428.htm"
  },
  {
    "date": "2024-01-28",
    "symbol": "AMAT",
    "reportedCurrency": "USD",
    "cik": "0000006951",
    "fillingDate": "2024-02-27",
    "acceptedDate": "2024-02-27 16:02:34",
    "calendarYear": "2024",
    "period": "Q1",
    "revenue": 6707000000,
    "costOfRevenue": 3503000000,
    "grossProfit": 3204000000,
    "grossProfitRatio": 0.4777098554,
    "researchAndDevelopmentExpenses": 754000000,
    "generalAndAdministrativeExpenses": 276000000,
    "sellingAndMarketingExpenses": 207000000,
    "sellingGeneralAndAdministrativeExpenses": 483000000,
    "otherExpenses": 0,
    "operatingExpenses": 1237000000,
    "costAndExpenses": 4740000000,
    "interestIncome": 395000000,
    "interestExpense": 59000000,
    "depreciationAndAmortization": 91000000,
    "ebitda": 2058000000,
    "ebitdaratio": 0.3068435962,
    "operatingIncome": 1967000000,
    "operatingIncomeRatio": 0.2932756821,
    "totalOtherIncomeExpensesNet": 336000000,
    "incomeBeforeTax": 2303000000,
    "incomeBeforeTaxRatio": 0.3433725958,
    "incomeTaxExpense": 284000000,
    "netIncome": 2019000000,
    "netIncomeRatio": 0.3010287759,
    "eps": 2.43,
    "epsdiluted": 2.41,
    "weightedAverageShsOut": 831000000,
    "weightedAverageShsOutDil": 837000000,
    "link": "https://www.sec.gov/Archives/edgar/data/6951/000000695124000012/0000006951-24-000012-index.htm",
    "finalLink": "https://www.sec.gov/Archives/edgar/data/6951/000000695124000012/amat-20240128.htm"
  },
  {
    "date": "2023-10-29",
    "symbol": "AMAT",
    "reportedCurrency": "USD",
    "cik": "0000006951",
    "fillingDate": "2023-12-15",
    "acceptedDate": "2023-12-15 16:01:24",
    "calendarYear": "2023",
    "period": "Q4",
    "revenue": 6723000000,
    "costOfRevenue": 3554000000,
    "grossProfit": 3169000000,
    "grossProfitRatio": 0.4713669493,
    "researchAndDevelopmentExpenses": 789000000,
    "generalAndAdministrativeExpenses": 217000000,
    "sellingAndMarketingExpenses": 192000000,
    "sellingGeneralAndAdministrativeExpenses": 409000000,
    "otherExpenses": 0,
    "operatingExpenses": 1198000000,
    "costAndExpenses": 4752000000,
    "interestIncome": 259000000,
    "interestExpense": 58000000,
    "depreciationAndAmortization": 130000000,
    "ebitda": 2101000000,
    "ebitdaratio": 0.3510337647,
    "operatingIncome": 1971000000,
    "operatingIncomeRatio": 0.2931726908,
    "totalOtherIncomeExpensesNet": 201000000,
    "incomeBeforeTax": 2172000000,
    "incomeBeforeTaxRatio": 0.323070058,
    "incomeTaxExpense": 168000000,
    "netIncome": 2004000000,
    "netIncomeRatio": 0.2980812137,
    "eps": 2.4,
    "epsdiluted": 2.38,
    "weightedAverageShsOut": 836000000,
    "weightedAverageShsOutDil": 842000000,
    "link": "https://www.sec.gov/Archives/edgar/data/6951/000000695123000041/0000006951-23-000041-index.htm",
    "finalLink": "https://www.sec.gov/Archives/edgar/data/6951/000000695123000041/amat-20231029.htm"
  },
  {
    "date": "2023-07-30",
    "symbol": "AMAT",
    "reportedCurrency": "USD",
    "cik": "0000006951",
    "fillingDate": "2023-08-24",
    "acceptedDate": "2023-08-24 16:00:49",
    "calendarYear": "2023",
    "period": "Q3",
    "revenue": 6425000000,
    "costOfRevenue": 3449000000,
    "grossProfit": 2976000000,
    "grossProfitRatio": 0.4631906615,
    "researchAndDevelopmentExpenses": 767000000,
    "generalAndAdministrativeExpenses": 214000000,
    "sellingAndMarketingExpenses": 193000000,
    "sellingGeneralAndAdministrativeExpenses": 407000000,
    "otherExpenses": 0,
    "operatingExpenses": 1174000000,
    "costAndExpenses": 4623000000,
    "interestIncome": 64000000,
    "interestExpense": 60000000,
    "depreciationAndAmortization": 136000000,
    "ebitda": 1938000000,
    "ebitdaratio": 0.3115953307,
    "operatingIncome": 1802000000,
    "operatingIncomeRatio": 0.2804669261,
    "totalOtherIncomeExpensesNet": 4000000,
    "incomeBeforeTax": 1806000000,
    "incomeBeforeTaxRatio": 0.2810894942,
    "incomeTaxExpense": 246000000,
    "netIncome": 1560000000,
    "netIncomeRatio": 0.2428015564,
    "eps": 1.86,
    "epsdiluted": 1.85,
    "weightedAverageShsOut": 838000000,
    "weightedAverageShsOutDil": 843000000,
    "link": "https://www.sec.gov/Archives/edgar/data/6951/000000695123000031/0000006951-23-000031-index.htm",
    "finalLink": "https://www.sec.gov/Archives/edgar/data/6951/000000695123000031/amat-20230730.htm"
  },
  {
    "date": "2023-04-30",
    "symbol": "AMAT",
    "reportedCurrency": "USD",
    "cik": "0000006951",
    "fillingDate": "2023-05-26",
    "acceptedDate": "2023-05-26 08:38:47",
    "calendarYear": "2023",
    "period": "Q2",
    "revenue": 6630000000,
    "costOfRevenue": 3536000000,
    "grossProfit": 3094000000,
    "grossProfitRatio": 0.4666666667,
    "researchAndDevelopmentExpenses": 775000000,
    "generalAndAdministrativeExpenses": 214000000,
    "sellingAndMarketingExpenses": 194000000,
    "sellingGeneralAndAdministrativeExpenses": 408000000,
    "otherExpenses": 0,
    "operatingExpenses": 1183000000,
    "costAndExpenses": 4719000000,
    "interestIncome": 61000000,
    "interestExpense": 134000000,
    "depreciationAndAmortization": 129000000,
    "ebitda": 2040000000,
    "ebitdaratio": 0.3076923077,
    "operatingIncome": 1911000000,
    "operatingIncomeRatio": 0.2882352941,
    "totalOtherIncomeExpensesNet": -134000000,
    "incomeBeforeTax": 1777000000,
    "incomeBeforeTaxRatio": 0.2680241327,
    "incomeTaxExpense": 202000000,
    "netIncome": 1575000000,
    "netIncomeRatio": 0.2375565611,
    "eps": 1.87,
    "epsdiluted": 1.86,
    "weightedAverageShsOut": 843000000,
    "weightedAverageShsOutDil": 847000000,
    "link": "https://www.sec.gov/Archives/edgar/data/6951/000000695123000022/0000006951-23-000022-index.htm",
    "finalLink": "https://www.sec.gov/Archives/edgar/data/6951/000000695123000022/amat-20230430.htm"
  },
  {
    "date": "2023-01-29",
    "symbol": "AMAT",
    "reportedCurrency": "USD",
    "cik": "0000006951",
    "fillingDate": "2023-02-23",
    "acceptedDate": "2023-02-23 16:01:44",
    "calendarYear": "2023",
    "period": "Q1",
    "revenue": 6739000000,
    "costOfRevenue": 3594000000,
    "grossProfit": 3145000000,
    "grossProfitRatio": 0.466686452,
    "researchAndDevelopmentExpenses": 771000000,
    "generalAndAdministrativeExpenses": 207000000,
    "sellingAndMarketingExpenses": 197000000,
    "sellingGeneralAndAdministrativeExpenses": 404000000,
    "otherExpenses": 0,
    "operatingExpenses": 1175000000,
    "costAndExpenses": 4769000000,
    "interestIncome": 50000000,
    "interestExpense": 59000000,
    "depreciationAndAmortization": 120000000,
    "ebitda": 2090000000,
    "ebitdaratio": 0.3175545333,
    "operatingIncome": 1970000000,
    "operatingIncomeRatio": 0.2923282386,
    "totalOtherIncomeExpensesNet": -9000000,
    "incomeBeforeTax": 1961000000,
    "incomeBeforeTaxRatio": 0.2909927289,
    "incomeTaxExpense": 244000000,
    "netIncome": 1717000000,
    "netIncomeRatio": 0.2547855765,
    "eps": 2.03,
    "epsdiluted": 2.02,
    "weightedAverageShsOut": 845000000,
    "weightedAverageShsOutDil": 849000000,
    "link": "https://www.sec.gov/Archives/edgar/data/6951/000000695123000012/0000006951-23-000012-index.htm",
    "finalLink": "https://www.sec.gov/Archives/edgar/data/6951/000000695123000012/amat-20230129.htm"
  },
  {
    "date": "2022-10-30",
    "symbol": "AMAT",
    "reportedCurrency": "USD",
    "cik": "0000006951",
    "fillingDate": "2022-12-16",
    "acceptedDate": "2022-12-16 16:50:05",
    "calendarYear": "2022",
    "period": "Q4",
    "revenue": 6749000000,
    "costOfRevenue": 3648000000,
    "grossProfit": 3101000000,
    "grossProfitRatio": 0.4594754778,
    "researchAndDevelopmentExpenses": 726000000,
    "generalAndAdministrativeExpenses": 198000000,
    "sellingAndMarketingExpenses": 183000000,
    "sellingGeneralAndAdministrativeExpenses": 381000000,
    "otherExpenses": 0,
    "operatingExpenses": 1107000000,
    "costAndExpenses": 4755000000,
    "interestIncome": 12000000,
    "interestExpense": 57000000,
    "depreciationAndAmortization": 123000000,
    "ebitda": 2117000000,
    "ebitdaratio": 0.3154541414,
    "operatingIncome": 1994000000,
    "operatingIncomeRatio": 0.295451178,
    "totalOtherIncomeExpensesNet": -45000000,
    "incomeBeforeTax": 1949000000,
    "incomeBeforeTaxRatio": 0.2887835235,
    "incomeTaxExpense": 358000000,
    "netIncome": 1591000000,
    "netIncomeRatio": 0.2357386279,
    "eps": 1.86,
    "epsdiluted": 1.85,
    "weightedAverageShsOut": 854000000,
    "weightedAverageShsOutDil": 859000000,
    "link": "https://www.sec.gov/Archives/edgar/data/6951/000000695122000043/0000006951-22-000043-index.htm",
    "finalLink": "https://www.sec.gov/Archives/edgar/data/6951/000000695122000043/amat-20221030.htm"
  },
  {
    "date": "2022-07-31",
    "symbol": "AMAT",
    "reportedCurrency": "USD",
    "cik": "0000006951",
    "fillingDate": "2022-08-25",
    "acceptedDate": "2022-08-25 16:03:20",
    "calendarYear": "2022",
    "period": "Q3",
    "revenue": 6520000000,
    "costOfRevenue": 3514000000,
    "grossProfit": 3006000000,
    "grossProfitRatio": 0.4610429448,
    "researchAndDevelopmentExpenses": 705000000,
    "generalAndAdministrativeExpenses": 197000000,
    "sellingAndMarketingExpenses": 180000000,
    "sellingGeneralAndAdministrativeExpenses": 377000000,
    "otherExpenses": 0,
    "operatingExpenses": 1082000000,
    "costAndExpenses": 4596000000,
    "interestIncome": 0,
    "interestExpense": 63000000,
    "depreciationAndAmortization": 108000000,
    "ebitda": 2032000000,
    "ebitdaratio": 0.3116564417,
    "operatingIncome": 1924000000,
    "operatingIncomeRatio": 0.2950920245,
    "totalOtherIncomeExpensesNet": -63000000,
    "incomeBeforeTax": 1861000000,
    "incomeBeforeTaxRatio": 0.2854294479,
    "incomeTaxExpense": 255000000,
    "netIncome": 1606000000,
    "netIncomeRatio": 0.2463190184,
    "eps": 1.86,
    "epsdiluted": 1.85,
    "weightedAverageShsOut": 864000000,
    "weightedAverageShsOutDil": 869000000,
    "link": "https://www.sec.gov/Archives/edgar/data/6951/000000695122000032/0000006951-22-000032-index.htm",
    "finalLink": "https://www.sec.gov/Archives/edgar/data/6951/000000695122000032/amat-20220731.htm"
  },
  {
    "date": "2022-05-01",
    "symbol": "AMAT",
    "reportedCurrency": "USD",
    "cik": "0000006951",
    "fillingDate": "2022-05-26",
    "acceptedDate": "2022-05-26 16:01:10",
    "calendarYear": "2022",
    "period": "Q2",
    "revenue": 6245000000,
    "costOfRevenue": 3318000000,
    "grossProfit": 2927000000,
    "grossProfitRatio": 0.468694956,
    "researchAndDevelopmentExpenses": 686000000,
    "generalAndAdministrativeExpenses": 174000000,
    "sellingAndMarketingExpenses": 173000000,
    "sellingGeneralAndAdministrativeExpenses": 347000000,
    "otherExpenses": 0,
    "operatingExpenses": 1033000000,
    "costAndExpenses": 4351000000,
    "interestIncome": 28000000,
    "interestExpense": 58000000,
    "depreciationAndAmortization": 111000000,
    "ebitda": 2005000000,
    "ebitdaratio": 0.3255404323,
    "operatingIncome": 1894000000,
    "operatingIncomeRatio": 0.3032826261,
    "totalOtherIncomeExpensesNet": -30000000,
    "incomeBeforeTax": 1864000000,
    "incomeBeforeTaxRatio": 0.298478783,
    "incomeTaxExpense": 328000000,
    "netIncome": 1536000000,
    "netIncomeRatio": 0.2459567654,
    "eps": 1.75,
    "epsdiluted": 1.74,
    "weightedAverageShsOut": 878000000,
    "weightedAverageShsOutDil": 883000000,
    "link": "https://www.sec.gov/Archives/edgar/data/6951/000000695122000022/0000006951-22-000022-index.htm",
    "finalLink": "https://www.sec.gov/Archives/edgar/data/6951/000000695122000022/amat-20220501.htm"
  },
  {
    "date": "2022-01-30",
    "symbol": "AMAT",
    "reportedCurrency": "USD",
    "cik": "0000006951",
    "fillingDate": "2022-02-24",
    "acceptedDate": "2022-02-24 16:02:01",
    "calendarYear": "2022",
    "period": "Q1",
    "revenue": 6271000000,
    "costOfRevenue": 3312000000,
    "grossProfit": 2959000000,
    "grossProfitRatio": 0.4718545686,
    "researchAndDevelopmentExpenses": 654000000,
    "generalAndAdministrativeExpenses": 166000000,
    "sellingAndMarketingExpenses": 167000000,
    "sellingGeneralAndAdministrativeExpenses": 333000000,
    "otherExpenses": 0,
    "operatingExpenses": 987000000,
    "costAndExpenses": 4299000000,
    "interestIncome": 6000000,
    "interestExpense": 57000000,
    "depreciationAndAmortization": 102000000,
    "ebitda": 2074000000,
    "ebitdaratio": 0.3316855366,
    "operatingIncome": 1976000000,
    "operatingIncomeRatio": 0.3151012598,
    "totalOtherIncomeExpensesNet": -51000000,
    "incomeBeforeTax": 1925000000,
    "incomeBeforeTaxRatio": 0.3069685856,
    "incomeTaxExpense": 133000000,
    "netIncome": 1792000000,
    "netIncomeRatio": 0.2857598469,
    "eps": 2.02,
    "epsdiluted": 2,
    "weightedAverageShsOut": 889000000,
    "weightedAverageShsOutDil": 897000000,
    "link": "https://www.sec.gov/Archives/edgar/data/6951/000000695122000011/0000006951-22-000011-index.htm",
    "finalLink": "https://www.sec.gov/Archives/edgar/data/6951/000000695122000011/amat-20220130.htm"
  },
  {
    "date": "2021-10-31",
    "symbol": "AMAT",
    "reportedCurrency": "USD",
    "cik": "0000006951",
    "fillingDate": "2021-12-17",
    "acceptedDate": "2021-12-17 16:14:51",
    "calendarYear": "2021",
    "period": "Q4",
    "revenue": 6123000000,
    "costOfRevenue": 3178000000,
    "grossProfit": 2945000000,
    "grossProfitRatio": 0.4809733791,
    "researchAndDevelopmentExpenses": 622000000,
    "generalAndAdministrativeExpenses": 155000000,
    "sellingAndMarketingExpenses": 155000000,
    "sellingGeneralAndAdministrativeExpenses": 310000000,
    "otherExpenses": 0,
    "operatingExpenses": 932000000,
    "costAndExpenses": 4110000000,
    "interestIncome": 49000000,
    "interestExpense": 57000000,
    "depreciationAndAmortization": 105000000,
    "ebitda": 2123000000,
    "ebitdaratio": 0.3539114813,
    "operatingIncome": 2014000000,
    "operatingIncomeRatio": 0.3289237302,
    "totalOtherIncomeExpensesNet": -8000000,
    "incomeBeforeTax": 2006000000,
    "incomeBeforeTaxRatio": 0.3276171811,
    "incomeTaxExpense": 294000000,
    "netIncome": 1712000000,
    "netIncomeRatio": 0.2796015025,
    "eps": 1.91,
    "epsdiluted": 1.89,
    "weightedAverageShsOut": 898000000,
    "weightedAverageShsOutDil": 907000000,
    "link": "https://www.sec.gov/Archives/edgar/data/6951/000000695121000043/0000006951-21-000043-index.htm",
    "finalLink": "https://www.sec.gov/Archives/edgar/data/6951/000000695121000043/amat-20211031.htm"
  },
  {
    "date": "2021-08-01",
    "symbol": "AMAT",
    "reportedCurrency": "USD",
    "cik": "0000006951",
    "fillingDate": "2021-08-26",
    "acceptedDate": "2021-08-26 16:03:42",
    "calendarYear": "2021",
    "period": "Q3",
    "revenue": 6196000000,
    "costOfRevenue": 3229000000,
    "grossProfit": 2967000000,
    "grossProfitRatio": 0.4788573273,
    "researchAndDevelopmentExpenses": 640000000,
    "generalAndAdministrativeExpenses": 155000000,
    "sellingAndMarketingExpenses": 159000000,
    "sellingGeneralAndAdministrativeExpenses": 314000000,
    "otherExpenses": 0,
    "operatingExpenses": 954000000,
    "costAndExpenses": 4183000000,
    "interestIncome": 24000000,
    "interestExpense": 57000000,
    "depreciationAndAmortization": 98000000,
    "ebitda": 2116000000,
    "ebitdaratio": 0.3445771465,
    "operatingIncome": 2013000000,
    "operatingIncomeRatio": 0.3248870239,
    "totalOtherIncomeExpensesNet": -33000000,
    "incomeBeforeTax": 1980000000,
    "incomeBeforeTaxRatio": 0.3195610071,
    "incomeTaxExpense": 264000000,
    "netIncome": 1716000000,
    "netIncomeRatio": 0.2769528728,
    "eps": 1.89,
    "epsdiluted": 1.87,
    "weightedAverageShsOut": 908000000,
    "weightedAverageShsOutDil": 918000000,
    "link": "https://www.sec.gov/Archives/edgar/data/6951/000000695121000034/0000006951-21-000034-index.htm",
    "finalLink": "https://www.sec.gov/Archives/edgar/data/6951/000000695121000034/amat-20210801.htm"
  },
  {
    "date": "2021-05-02",
    "symbol": "AMAT",
    "reportedCurrency": "USD",
    "cik": "0000006951",
    "fillingDate": "2021-05-27",
    "acceptedDate": "2021-05-27 15:41:43",
    "calendarYear": "2021",
    "period": "Q2",
    "revenue": 5582000000,
    "costOfRevenue": 2929000000,
    "grossProfit": 2653000000,
    "grossProfitRatio": 0.4752776783,
    "researchAndDevelopmentExpenses": 617000000,
    "generalAndAdministrativeExpenses": 149000000,
    "sellingAndMarketingExpenses": 148000000,
    "sellingGeneralAndAdministrativeExpenses": 297000000,
    "otherExpenses": 160000000,
    "operatingExpenses": 914000000,
    "costAndExpenses": 3843000000,
    "interestIncome": 27000000,
    "interestExpense": 61000000,
    "depreciationAndAmortization": 97000000,
    "ebitda": 1848000000,
    "ebitdaratio": 0.3337513436,
    "operatingIncome": 1579000000,
    "operatingIncomeRatio": 0.282873522,
    "totalOtherIncomeExpensesNet": -34000000,
    "incomeBeforeTax": 1545000000,
    "incomeBeforeTaxRatio": 0.2767825152,
    "incomeTaxExpense": 215000000,
    "netIncome": 1330000000,
    "netIncomeRatio": 0.2382658545,
    "eps": 1.45,
    "epsdiluted": 1.43,
    "weightedAverageShsOut": 918000000,
    "weightedAverageShsOutDil": 927000000,
    "link": "https://www.sec.gov/Archives/edgar/data/6951/000000695121000023/0000006951-21-000023-index.htm",
    "finalLink": "https://www.sec.gov/Archives/edgar/data/6951/000000695121000023/amat-20210502.htm"
  },
  {
    "date": "2021-01-31",
    "symbol": "AMAT",
    "reportedCurrency": "USD",
    "cik": "0000006951",
    "fillingDate": "2021-02-25",
    "acceptedDate": "2021-02-25 15:51:16",
    "calendarYear": "2021",
    "period": "Q1",
    "revenue": 5162000000,
    "costOfRevenue": 2813000000,
    "grossProfit": 2349000000,
    "grossProfitRatio": 0.4550561798,
    "researchAndDevelopmentExpenses": 606000000,
    "generalAndAdministrativeExpenses": 161000000,
    "sellingAndMarketingExpenses": 147000000,
    "sellingGeneralAndAdministrativeExpenses": 308000000,
    "otherExpenses": 152000000,
    "operatingExpenses": 914000000,
    "costAndExpenses": 3727000000,
    "interestIncome": 18000000,
    "interestExpense": 61000000,
    "depreciationAndAmortization": 94000000,
    "ebitda": 1565000000,
    "ebitdaratio": 0.2996900426,
    "operatingIncome": 1283000000,
    "operatingIncomeRatio": 0.2485470748,
    "totalOtherIncomeExpensesNet": -43000000,
    "incomeBeforeTax": 1240000000,
    "incomeBeforeTaxRatio": 0.2402169702,
    "incomeTaxExpense": 110000000,
    "netIncome": 1130000000,
    "netIncomeRatio": 0.2189074002,
    "eps": 1.23,
    "epsdiluted": 1.22,
    "weightedAverageShsOut": 915000000,
    "weightedAverageShsOutDil": 925000000,
    "link": "https://www.sec.gov/Archives/edgar/data/6951/000000695121000013/0000006951-21-000013-index.htm",
    "finalLink": "https://www.sec.gov/Archives/edgar/data/6951/000000695121000013/amat-20210131.htm"
  },
  {
    "date": "2020-10-25",
    "symbol": "AMAT",
    "reportedCurrency": "USD",
    "cik": "0000006951",
    "fillingDate": "2020-12-11",
    "acceptedDate": "2020-12-11 15:52:08",
    "calendarYear": "2020",
    "period": "Q4",
    "revenue": 4688000000,
    "costOfRevenue": 2558000000,
    "grossProfit": 2130000000,
    "grossProfitRatio": 0.4543515358,
    "researchAndDevelopmentExpenses": 560000000,
    "generalAndAdministrativeExpenses": 156000000,
    "sellingAndMarketingExpenses": 131000000,
    "sellingGeneralAndAdministrativeExpenses": 287000000,
    "otherExpenses": 0,
    "operatingExpenses": 847000000,
    "costAndExpenses": 3405000000,
    "interestIncome": 19000000,
    "interestExpense": 59000000,
    "depreciationAndAmortization": 97000000,
    "ebitda": 1399000000,
    "ebitdaratio": 0.2984215017,
    "operatingIncome": 1283000000,
    "operatingIncomeRatio": 0.2736774744,
    "totalOtherIncomeExpensesNet": -40000000,
    "incomeBeforeTax": 1243000000,
    "incomeBeforeTaxRatio": 0.2651450512,
    "incomeTaxExpense": 112000000,
    "netIncome": 1131000000,
    "netIncomeRatio": 0.2412542662,
    "eps": 1.24,
    "epsdiluted": 1.23,
    "weightedAverageShsOut": 914000000,
    "weightedAverageShsOutDil": 921000000,
    "link": "https://www.sec.gov/Archives/edgar/data/6951/000000695120000048/0000006951-20-000048-index.htm",
    "finalLink": "https://www.sec.gov/Archives/edgar/data/6951/000000695120000048/amat-20201025.htm"
  },
  {
    "date": "2020-07-26",
    "symbol": "AMAT",
    "reportedCurrency": "USD",
    "cik": "0000006951",
    "fillingDate": "2020-08-20",
    "acceptedDate": "2020-08-20 17:08:06",
    "calendarYear": "2020",
    "period": "Q3",
    "revenue": 4395000000,
    "costOfRevenue": 2440000000,
    "grossProfit": 1955000000,
    "grossProfitRatio": 0.4448236633,
    "researchAndDevelopmentExpenses": 572000000,
    "generalAndAdministrativeExpenses": 145000000,
    "sellingAndMarketingExpenses": 130000000,
    "sellingGeneralAndAdministrativeExpenses": 275000000,
    "otherExpenses": -7000000,
    "operatingExpenses": 847000000,
    "costAndExpenses": 3287000000,
    "interestIncome": 0,
    "interestExpense": 68000000,
    "depreciationAndAmortization": 94000000,
    "ebitda": 1202000000,
    "ebitdaratio": 0.2734926052,
    "operatingIncome": 1108000000,
    "operatingIncomeRatio": 0.2521046644,
    "totalOtherIncomeExpensesNet": -68000000,
    "incomeBeforeTax": 1040000000,
    "incomeBeforeTaxRatio": 0.236632537,
    "incomeTaxExpense": 199000000,
    "netIncome": 841000000,
    "netIncomeRatio": 0.1913538111,
    "eps": 0.92,
    "epsdiluted": 0.91,
    "weightedAverageShsOut": 915000000,
    "weightedAverageShsOutDil": 922000000,
    "link": "https://www.sec.gov/Archives/edgar/data/6951/000000695120000037/0000006951-20-000037-index.htm",
    "finalLink": "https://www.sec.gov/Archives/edgar/data/6951/000000695120000037/amat-20200726.htm"
  },
  {
    "date": "2020-04-26",
    "symbol": "AMAT",
    "reportedCurrency": "USD",
    "cik": "0000006951",
    "fillingDate": "2020-05-21",
    "acceptedDate": "2020-05-21 16:06:27",
    "calendarYear": "2020",
    "period": "Q2",
    "revenue": 3957000000,
    "costOfRevenue": 2208000000,
    "grossProfit": 1749000000,
    "grossProfitRatio": 0.4420015163,
    "researchAndDevelopmentExpenses": 550000000,
    "generalAndAdministrativeExpenses": 137000000,
    "sellingAndMarketingExpenses": 130000000,
    "sellingGeneralAndAdministrativeExpenses": 267000000,
    "otherExpenses": 0,
    "operatingExpenses": 817000000,
    "costAndExpenses": 3025000000,
    "interestIncome": 7000000,
    "interestExpense": 61000000,
    "depreciationAndAmortization": 91000000,
    "ebitda": 1030000000,
    "ebitdaratio": 0.2602982057,
    "operatingIncome": 932000000,
    "operatingIncomeRatio": 0.2355319687,
    "totalOtherIncomeExpensesNet": -54000000,
    "incomeBeforeTax": 878000000,
    "incomeBeforeTaxRatio": 0.2218852666,
    "incomeTaxExpense": 123000000,
    "netIncome": 755000000,
    "netIncomeRatio": 0.190801112,
    "eps": 0.82,
    "epsdiluted": 0.82,
    "weightedAverageShsOut": 917000000,
    "weightedAverageShsOutDil": 923000000,
    "link": "https://www.sec.gov/Archives/edgar/data/6951/000000695120000028/0000006951-20-000028-index.htm",
    "finalLink": "https://www.sec.gov/Archives/edgar/data/6951/000000695120000028/amat-20200426.htm"
  },
  {
    "date": "2020-01-26",
    "symbol": "AMAT",
    "reportedCurrency": "USD",
    "cik": "0000006951",
    "fillingDate": "2020-02-20",
    "acceptedDate": "2020-02-20 15:51:00",
    "calendarYear": "2020",
    "period": "Q1",
    "revenue": 4162000000,
    "costOfRevenue": 2304000000,
    "grossProfit": 1858000000,
    "grossProfitRatio": 0.4464199904,
    "researchAndDevelopmentExpenses": 552000000,
    "generalAndAdministrativeExpenses": 129000000,
    "sellingAndMarketingExpenses": 135000000,
    "sellingGeneralAndAdministrativeExpenses": 264000000,
    "otherExpenses": 0,
    "operatingExpenses": 816000000,
    "costAndExpenses": 3120000000,
    "interestIncome": 22000000,
    "interestExpense": 59000000,
    "depreciationAndAmortization": 94000000,
    "ebitda": 1149000000,
    "ebitdaratio": 0.2782316194,
    "operatingIncome": 1042000000,
    "operatingIncomeRatio": 0.2503604037,
    "totalOtherIncomeExpensesNet": -37000000,
    "incomeBeforeTax": 1005000000,
    "incomeBeforeTaxRatio": 0.2414704469,
    "incomeTaxExpense": 113000000,
    "netIncome": 892000000,
    "netIncomeRatio": 0.2143200384,
    "eps": 0.97,
    "epsdiluted": 0.96,
    "weightedAverageShsOut": 916000000,
    "weightedAverageShsOutDil": 927000000,
    "link": "https://www.sec.gov/Archives/edgar/data/6951/000000695120000014/0000006951-20-000014-index.htm",
    "finalLink": "https://www.sec.gov/Archives/edgar/data/6951/000000695120000014/amat-20200126.htm"
  },
  {
    "date": "2019-10-27",
    "symbol": "AMAT",
    "reportedCurrency": "USD",
    "cik": "0000006951",
    "fillingDate": "2019-12-13",
    "acceptedDate": "2019-12-13 16:07:21",
    "calendarYear": "2019",
    "period": "Q4",
    "revenue": 3754000000,
    "costOfRevenue": 2120000000,
    "grossProfit": 1634000000,
    "grossProfitRatio": 0.4352690464,
    "researchAndDevelopmentExpenses": 515000000,
    "generalAndAdministrativeExpenses": 126000000,
    "sellingAndMarketingExpenses": 129000000,
    "sellingGeneralAndAdministrativeExpenses": 255000000,
    "otherExpenses": 0,
    "operatingExpenses": 770000000,
    "costAndExpenses": 2890000000,
    "interestIncome": 35000000,
    "interestExpense": 59000000,
    "depreciationAndAmortization": 92000000,
    "ebitda": 991000000,
    "ebitdaratio": 0.2639850826,
    "operatingIncome": 864000000,
    "operatingIncomeRatio": 0.2301545019,
    "totalOtherIncomeExpensesNet": -24000000,
    "incomeBeforeTax": 840000000,
    "incomeBeforeTaxRatio": 0.2237613213,
    "incomeTaxExpense": 142000000,
    "netIncome": 698000000,
    "netIncomeRatio": 0.1859350027,
    "eps": 0.76,
    "epsdiluted": 0.75,
    "weightedAverageShsOut": 920000000,
    "weightedAverageShsOutDil": 931000000,
    "link": "https://www.sec.gov/Archives/edgar/data/6951/000000695119000046/0000006951-19-000046-index.htm",
    "finalLink": "https://www.sec.gov/Archives/edgar/data/6951/000000695119000046/amat-20191027.htm"
  },
  {
    "date": "2019-07-28",
    "symbol": "AMAT",
    "reportedCurrency": "USD",
    "cik": "0000006951",
    "fillingDate": "2019-08-22",
    "acceptedDate": "2019-08-22 15:55:25",
    "calendarYear": "2019",
    "period": "Q3",
    "revenue": 3562000000,
    "costOfRevenue": 2005000000,
    "grossProfit": 1557000000,
    "grossProfitRatio": 0.4371139809,
    "researchAndDevelopmentExpenses": 515000000,
    "generalAndAdministrativeExpenses": 112000000,
    "sellingAndMarketingExpenses": 128000000,
    "sellingGeneralAndAdministrativeExpenses": 240000000,
    "otherExpenses": 0,
    "operatingExpenses": 755000000,
    "costAndExpenses": 2760000000,
    "interestIncome": 38000000,
    "interestExpense": 58000000,
    "depreciationAndAmortization": 89000000,
    "ebitda": 896000000,
    "ebitdaratio": 0.2608085345,
    "operatingIncome": 802000000,
    "operatingIncomeRatio": 0.2251544076,
    "totalOtherIncomeExpensesNet": -20000000,
    "incomeBeforeTax": 782000000,
    "incomeBeforeTaxRatio": 0.2195395845,
    "incomeTaxExpense": 211000000,
    "netIncome": 571000000,
    "netIncomeRatio": 0.1603032004,
    "eps": 0.61,
    "epsdiluted": 0.61,
    "weightedAverageShsOut": 929000000,
    "weightedAverageShsOutDil": 937000000,
    "link": "https://www.sec.gov/Archives/edgar/data/6951/000000695119000029/0000006951-19-000029-index.htm",
    "finalLink": "https://www.sec.gov/Archives/edgar/data/6951/000000695119000029/amat0728201910-qq32019.htm"
  },
  {
    "date": "2019-04-28",
    "symbol": "AMAT",
    "reportedCurrency": "USD",
    "cik": "0000006951",
    "fillingDate": "2019-05-23",
    "acceptedDate": "2019-05-23 16:03:33",
    "calendarYear": "2019",
    "period": "Q2",
    "revenue": 3539000000,
    "costOfRevenue": 2009000000,
    "grossProfit": 1530000000,
    "grossProfitRatio": 0.4323255157,
    "researchAndDevelopmentExpenses": 508000000,
    "generalAndAdministrativeExpenses": 113000000,
    "sellingAndMarketingExpenses": 133000000,
    "sellingGeneralAndAdministrativeExpenses": 246000000,
    "otherExpenses": 0,
    "operatingExpenses": 754000000,
    "costAndExpenses": 2763000000,
    "interestIncome": 43000000,
    "interestExpense": 60000000,
    "depreciationAndAmortization": 94000000,
    "ebitda": 874000000,
    "ebitdaratio": 0.2579824809,
    "operatingIncome": 776000000,
    "operatingIncomeRatio": 0.2192709805,
    "totalOtherIncomeExpensesNet": -17000000,
    "incomeBeforeTax": 759000000,
    "incomeBeforeTaxRatio": 0.2144673637,
    "incomeTaxExpense": 93000000,
    "netIncome": 666000000,
    "netIncomeRatio": 0.1881887539,
    "eps": 0.71,
    "epsdiluted": 0.7,
    "weightedAverageShsOut": 942000000,
    "weightedAverageShsOutDil": 948000000,
    "link": "https://www.sec.gov/Archives/edgar/data/6951/000000695119000019/0000006951-19-000019-index.htm",
    "finalLink": "https://www.sec.gov/Archives/edgar/data/6951/000000695119000019/amat0428201910-qq22019.htm"
  },
  {
    "date": "2019-01-27",
    "symbol": "AMAT",
    "reportedCurrency": "USD",
    "cik": "0000006951",
    "fillingDate": "2019-02-21",
    "acceptedDate": "2019-02-21 16:33:42",
    "calendarYear": "2019",
    "period": "Q1",
    "revenue": 3753000000,
    "costOfRevenue": 2088000000,
    "grossProfit": 1665000000,
    "grossProfitRatio": 0.4436450839,
    "researchAndDevelopmentExpenses": 516000000,
    "generalAndAdministrativeExpenses": 110000000,
    "sellingAndMarketingExpenses": 131000000,
    "sellingGeneralAndAdministrativeExpenses": 241000000,
    "otherExpenses": 0,
    "operatingExpenses": 757000000,
    "costAndExpenses": 2845000000,
    "interestIncome": 40000000,
    "interestExpense": 60000000,
    "depreciationAndAmortization": 88000000,
    "ebitda": 1036000000,
    "ebitdaratio": 0.27604583,
    "operatingIncome": 908000000,
    "operatingIncomeRatio": 0.2419397815,
    "totalOtherIncomeExpensesNet": -20000000,
    "incomeBeforeTax": 888000000,
    "incomeBeforeTaxRatio": 0.2366107114,
    "incomeTaxExpense": 117000000,
    "netIncome": 771000000,
    "netIncomeRatio": 0.2054356515,
    "eps": 0.81,
    "epsdiluted": 0.8,
    "weightedAverageShsOut": 957000000,
    "weightedAverageShsOutDil": 965000000,
    "link": "https://www.sec.gov/Archives/edgar/data/6951/000000695119000008/0000006951-19-000008-index.htm",
    "finalLink": "https://www.sec.gov/Archives/edgar/data/6951/000000695119000008/amat0127201910-qq12019.htm"
  },
  {
    "date": "2018-10-28",
    "symbol": "AMAT",
    "reportedCurrency": "USD",
    "cik": "0000006951",
    "fillingDate": "2018-12-13",
    "acceptedDate": "2018-12-13 16:16:55",
    "calendarYear": "2018",
    "period": "Q4",
    "revenue": 4014000000,
    "costOfRevenue": 2234000000,
    "grossProfit": 1780000000,
    "grossProfitRatio": 0.4434479322,
    "researchAndDevelopmentExpenses": 518000000,
    "generalAndAdministrativeExpenses": 119000000,
    "sellingAndMarketingExpenses": 127000000,
    "sellingGeneralAndAdministrativeExpenses": 246000000,
    "otherExpenses": 0,
    "operatingExpenses": 764000000,
    "costAndExpenses": 2998000000,
    "interestIncome": 42000000,
    "interestExpense": 60000000,
    "depreciationAndAmortization": 120000000,
    "ebitda": 1178000000,
    "ebitdaratio": 0.293472845,
    "operatingIncome": 1016000000,
    "operatingIncomeRatio": 0.2531141006,
    "totalOtherIncomeExpensesNet": -18000000,
    "incomeBeforeTax": 998000000,
    "incomeBeforeTaxRatio": 0.2486297957,
    "incomeTaxExpense": 122000000,
    "netIncome": 876000000,
    "netIncomeRatio": 0.2182361734,
    "eps": 0.9,
    "epsdiluted": 0.89,
    "weightedAverageShsOut": 974000000,
    "weightedAverageShsOutDil": 984000000,
    "link": "https://www.sec.gov/Archives/edgar/data/6951/000000695118000041/0000006951-18-000041-index.htm",
    "finalLink": "https://www.sec.gov/Archives/edgar/data/6951/000000695118000041/amat1028201810-kq42018.htm"
  },
  {
    "date": "2018-07-29",
    "symbol": "AMAT",
    "reportedCurrency": "USD",
    "cik": "0000006951",
    "fillingDate": "2018-08-23",
    "acceptedDate": "2018-08-23 16:21:27",
    "calendarYear": "2018",
    "period": "Q3",
    "revenue": 4468000000,
    "costOfRevenue": 2441000000,
    "grossProfit": 2027000000,
    "grossProfitRatio": 0.4536705461,
    "researchAndDevelopmentExpenses": 504000000,
    "generalAndAdministrativeExpenses": 128000000,
    "sellingAndMarketingExpenses": 138000000,
    "sellingGeneralAndAdministrativeExpenses": 266000000,
    "otherExpenses": 0,
    "operatingExpenses": 770000000,
    "costAndExpenses": 3211000000,
    "interestIncome": 41000000,
    "interestExpense": 59000000,
    "depreciationAndAmortization": 110000000,
    "ebitda": 1203000000,
    "ebitdaratio": 0.315129812,
    "operatingIncome": 1257000000,
    "operatingIncomeRatio": 0.2813339302,
    "totalOtherIncomeExpensesNet": -18000000,
    "incomeBeforeTax": 1239000000,
    "incomeBeforeTaxRatio": 0.277305282,
    "incomeTaxExpense": 66000000,
    "netIncome": 1173000000,
    "netIncomeRatio": 0.2625335721,
    "eps": 1.18,
    "epsdiluted": 1.17,
    "weightedAverageShsOut": 994000000,
    "weightedAverageShsOutDil": 1005000000,
    "link": "https://www.sec.gov/Archives/edgar/data/6951/000000695118000029/0000006951-18-000029-index.htm",
    "finalLink": "https://www.sec.gov/Archives/edgar/data/6951/000000695118000029/amat0729201810-qq32018.htm"
  },
  {
    "date": "2018-04-29",
    "symbol": "AMAT",
    "reportedCurrency": "USD",
    "cik": "0000006951",
    "fillingDate": "2018-05-24",
    "acceptedDate": "2018-05-24 16:26:51",
    "calendarYear": "2018",
    "period": "Q2",
    "revenue": 4567000000,
    "costOfRevenue": 2477000000,
    "grossProfit": 2090000000,
    "grossProfitRatio": 0.4576308299,
    "researchAndDevelopmentExpenses": 509000000,
    "generalAndAdministrativeExpenses": 124000000,
    "sellingAndMarketingExpenses": 130000000,
    "sellingGeneralAndAdministrativeExpenses": 254000000,
    "otherExpenses": 0,
    "operatingExpenses": 763000000,
    "costAndExpenses": 3240000000,
    "interestIncome": 24000000,
    "interestExpense": 56000000,
    "depreciationAndAmortization": 108000000,
    "ebitda": 1400000000,
    "ebitdaratio": 0.3194657324,
    "operatingIncome": 1327000000,
    "operatingIncomeRatio": 0.2905627326,
    "totalOtherIncomeExpensesNet": -32000000,
    "incomeBeforeTax": 1295000000,
    "incomeBeforeTaxRatio": 0.2835559448,
    "incomeTaxExpense": 166000000,
    "netIncome": 1129000000,
    "netIncomeRatio": 0.247208233,
    "eps": 1.1,
    "epsdiluted": 1.09,
    "weightedAverageShsOut": 1029000000,
    "weightedAverageShsOutDil": 1040000000,
    "link": "https://www.sec.gov/Archives/edgar/data/6951/000000695118000017/0000006951-18-000017-index.htm",
    "finalLink": "https://www.sec.gov/Archives/edgar/data/6951/000000695118000017/amat0429201810-qq22018.htm"
  },
  {
    "date": "2018-01-28",
    "symbol": "AMAT",
    "reportedCurrency": "USD",
    "cik": "0000006951",
    "fillingDate": "2018-02-22",
    "acceptedDate": "2018-02-22 16:33:48",
    "calendarYear": "2018",
    "period": "Q1",
    "revenue": 4204000000,
    "costOfRevenue": 2284000000,
    "grossProfit": 1920000000,
    "grossProfitRatio": 0.4567078972,
    "researchAndDevelopmentExpenses": 488000000,
    "generalAndAdministrativeExpenses": 110000000,
    "sellingAndMarketingExpenses": 126000000,
    "sellingGeneralAndAdministrativeExpenses": 236000000,
    "otherExpenses": 0,
    "operatingExpenses": 724000000,
    "costAndExpenses": 3008000000,
    "interestIncome": 25000000,
    "interestExpense": 59000000,
    "depreciationAndAmortization": 119000000,
    "ebitda": 1334000000,
    "ebitdaratio": 0.3187440533,
    "operatingIncome": 1196000000,
    "operatingIncomeRatio": 0.284490961,
    "totalOtherIncomeExpensesNet": -53000000,
    "incomeBeforeTax": 1162000000,
    "incomeBeforeTaxRatio": 0.2764034253,
    "incomeTaxExpense": 1027000000,
    "netIncome": 135000000,
    "netIncomeRatio": 0.032112274,
    "eps": 0.13,
    "epsdiluted": 0.13,
    "weightedAverageShsOut": 1056000000,
    "weightedAverageShsOutDil": 1071000000,
    "link": "https://www.sec.gov/Archives/edgar/data/6951/000000695118000008/0000006951-18-000008-index.htm",
    "finalLink": "https://www.sec.gov/Archives/edgar/data/6951/000000695118000008/amat0128201810-qq12018.htm"
  },
  {
    "date": "2017-10-29",
    "symbol": "AMAT",
    "reportedCurrency": "USD",
    "cik": "0000006951",
    "fillingDate": "2017-12-15",
    "acceptedDate": "2017-12-15 16:36:31",
    "calendarYear": "2017",
    "period": "Q4",
    "revenue": 3969000000,
    "costOfRevenue": 2182000000,
    "grossProfit": 1787000000,
    "grossProfitRatio": 0.450239355,
    "researchAndDevelopmentExpenses": 466000000,
    "generalAndAdministrativeExpenses": 118000000,
    "sellingAndMarketingExpenses": 105000000,
    "sellingGeneralAndAdministrativeExpenses": 223000000,
    "otherExpenses": 0,
    "operatingExpenses": 689000000,
    "costAndExpenses": 2871000000,
    "interestIncome": 33000000,
    "interestExpense": 57000000,
    "depreciationAndAmortization": 105000000,
    "ebitda": 1236000000,
    "ebitdaratio": 0.3114134543,
    "operatingIncome": 1098000000,
    "operatingIncomeRatio": 0.2766439909,
    "totalOtherIncomeExpensesNet": -24000000,
    "incomeBeforeTax": 1074000000,
    "incomeBeforeTaxRatio": 0.2705971277,
    "incomeTaxExpense": 92000000,
    "netIncome": 982000000,
    "netIncomeRatio": 0.2474174855,
    "eps": 0.92,
    "epsdiluted": 0.91,
    "weightedAverageShsOut": 1064000000,
    "weightedAverageShsOutDil": 1076000000,
    "link": "https://www.sec.gov/Archives/edgar/data/6951/000000695117000038/0000006951-17-000038-index.htm",
    "finalLink": "https://www.sec.gov/Archives/edgar/data/6951/000000695117000038/amat1029201710-kq42017.htm"
  },
  {
    "date": "2017-07-30",
    "symbol": "AMAT",
    "reportedCurrency": "USD",
    "cik": "0000006951",
    "fillingDate": "2017-08-24",
    "acceptedDate": "2017-08-24 16:29:02",
    "calendarYear": "2017",
    "period": "Q3",
    "revenue": 3744000000,
    "costOfRevenue": 2044000000,
    "grossProfit": 1700000000,
    "grossProfitRatio": 0.4540598291,
    "researchAndDevelopmentExpenses": 454000000,
    "generalAndAdministrativeExpenses": 106000000,
    "sellingAndMarketingExpenses": 117000000,
    "sellingGeneralAndAdministrativeExpenses": 223000000,
    "otherExpenses": 0,
    "operatingExpenses": 677000000,
    "costAndExpenses": 2721000000,
    "interestIncome": 14000000,
    "interestExpense": 59000000,
    "depreciationAndAmortization": 102000000,
    "ebitda": 1126000000,
    "ebitdaratio": 0.3042200855,
    "operatingIncome": 1023000000,
    "operatingIncomeRatio": 0.2732371795,
    "totalOtherIncomeExpensesNet": -45000000,
    "incomeBeforeTax": 978000000,
    "incomeBeforeTaxRatio": 0.2612179487,
    "incomeTaxExpense": 53000000,
    "netIncome": 925000000,
    "netIncomeRatio": 0.2470619658,
    "eps": 0.86,
    "epsdiluted": 0.85,
    "weightedAverageShsOut": 1071000000,
    "weightedAverageShsOutDil": 1083000000,
    "link": "https://www.sec.gov/Archives/edgar/data/6951/000000695117000026/0000006951-17-000026-index.htm",
    "finalLink": "https://www.sec.gov/Archives/edgar/data/6951/000000695117000026/amat0730201710-qq32017.htm"
  },
  {
    "date": "2017-04-30",
    "symbol": "AMAT",
    "reportedCurrency": "USD",
    "cik": "0000006951",
    "fillingDate": "2017-05-25",
    "acceptedDate": "2017-05-25 16:20:09",
    "calendarYear": "2017",
    "period": "Q2",
    "revenue": 3546000000,
    "costOfRevenue": 1946000000,
    "grossProfit": 1600000000,
    "grossProfitRatio": 0.451212634,
    "researchAndDevelopmentExpenses": 437000000,
    "generalAndAdministrativeExpenses": 107000000,
    "sellingAndMarketingExpenses": 116000000,
    "sellingGeneralAndAdministrativeExpenses": 223000000,
    "otherExpenses": 0,
    "operatingExpenses": 660000000,
    "costAndExpenses": 2606000000,
    "interestIncome": 12000000,
    "interestExpense": 44000000,
    "depreciationAndAmortization": 103000000,
    "ebitda": 1043000000,
    "ebitdaratio": 0.2975183305,
    "operatingIncome": 940000000,
    "operatingIncomeRatio": 0.2650874224,
    "totalOtherIncomeExpensesNet": -32000000,
    "incomeBeforeTax": 908000000,
    "incomeBeforeTaxRatio": 0.2560631698,
    "incomeTaxExpense": 84000000,
    "netIncome": 824000000,
    "netIncomeRatio": 0.2323745065,
    "eps": 0.76,
    "epsdiluted": 0.76,
    "weightedAverageShsOut": 1078000000,
    "weightedAverageShsOutDil": 1087000000,
    "link": "https://www.sec.gov/Archives/edgar/data/6951/000000695117000015/0000006951-17-000015-index.htm",
    "finalLink": "https://www.sec.gov/Archives/edgar/data/6951/000000695117000015/amat0430201710-qq22017.htm"
  },
  {
    "date": "2017-01-29",
    "symbol": "AMAT",
    "reportedCurrency": "USD",
    "cik": "0000006951",
    "fillingDate": "2017-02-23",
    "acceptedDate": "2017-02-23 16:06:53",
    "calendarYear": "2017",
    "period": "Q1",
    "revenue": 3278000000,
    "costOfRevenue": 1833000000,
    "grossProfit": 1445000000,
    "grossProfitRatio": 0.4408175717,
    "researchAndDevelopmentExpenses": 417000000,
    "generalAndAdministrativeExpenses": 103000000,
    "sellingAndMarketingExpenses": 118000000,
    "sellingGeneralAndAdministrativeExpenses": 221000000,
    "otherExpenses": 0,
    "operatingExpenses": 638000000,
    "costAndExpenses": 2471000000,
    "interestIncome": 2000000,
    "interestExpense": 38000000,
    "depreciationAndAmortization": 97000000,
    "ebitda": 904000000,
    "ebitdaratio": 0.2763880415,
    "operatingIncome": 807000000,
    "operatingIncomeRatio": 0.2461866992,
    "totalOtherIncomeExpensesNet": -36000000,
    "incomeBeforeTax": 771000000,
    "incomeBeforeTaxRatio": 0.2352043929,
    "incomeTaxExpense": 68000000,
    "netIncome": 703000000,
    "netIncomeRatio": 0.2144600366,
    "eps": 0.65,
    "epsdiluted": 0.65,
    "weightedAverageShsOut": 1078000000,
    "weightedAverageShsOutDil": 1089000000,
    "link": "https://www.sec.gov/Archives/edgar/data/6951/000000695117000007/0000006951-17-000007-index.htm",
    "finalLink": "https://www.sec.gov/Archives/edgar/data/6951/000000695117000007/amat0129201710-qq12017.htm"
  },
  {
    "date": "2016-10-30",
    "symbol": "AMAT",
    "reportedCurrency": "USD",
    "cik": "0000006951",
    "fillingDate": "2016-12-15",
    "acceptedDate": "2016-12-15 16:46:47",
    "calendarYear": "2016",
    "period": "Q4",
    "revenue": 3297000000,
    "costOfRevenue": 1898000000,
    "grossProfit": 1399000000,
    "grossProfitRatio": 0.4243251441,
    "researchAndDevelopmentExpenses": 394000000,
    "generalAndAdministrativeExpenses": 114000000,
    "sellingAndMarketingExpenses": 114000000,
    "sellingGeneralAndAdministrativeExpenses": 228000000,
    "otherExpenses": 0,
    "operatingExpenses": 622000000,
    "costAndExpenses": 2520000000,
    "interestIncome": 1000000,
    "interestExpense": 38000000,
    "depreciationAndAmortization": 100000000,
    "ebitda": 878000000,
    "ebitdaratio": 0.2663026994,
    "operatingIncome": 777000000,
    "operatingIncomeRatio": 0.2356687898,
    "totalOtherIncomeExpensesNet": -37000000,
    "incomeBeforeTax": 740000000,
    "incomeBeforeTaxRatio": 0.2244464665,
    "incomeTaxExpense": 130000000,
    "netIncome": 610000000,
    "netIncomeRatio": 0.1850166818,
    "eps": 0.56,
    "epsdiluted": 0.56,
    "weightedAverageShsOut": 1081000000,
    "weightedAverageShsOutDil": 1093000000,
    "link": "https://www.sec.gov/Archives/edgar/data/6951/000000695116000068/0000006951-16-000068-index.htm",
    "finalLink": "https://www.sec.gov/Archives/edgar/data/6951/000000695116000068/amat10302016-10k.htm"
  },
  {
    "date": "2016-07-31",
    "symbol": "AMAT",
    "reportedCurrency": "USD",
    "cik": "0000006951",
    "fillingDate": "2016-08-25",
    "acceptedDate": "2016-08-25 16:18:25",
    "calendarYear": "2016",
    "period": "Q3",
    "revenue": 2821000000,
    "costOfRevenue": 1629000000,
    "grossProfit": 1192000000,
    "grossProfitRatio": 0.4225451967,
    "researchAndDevelopmentExpenses": 386000000,
    "generalAndAdministrativeExpenses": 103000000,
    "sellingAndMarketingExpenses": 107000000,
    "sellingGeneralAndAdministrativeExpenses": 210000000,
    "otherExpenses": 0,
    "operatingExpenses": 596000000,
    "costAndExpenses": 2225000000,
    "interestIncome": 6000000,
    "interestExpense": 38000000,
    "depreciationAndAmortization": 97000000,
    "ebitda": 694000000,
    "ebitdaratio": 0.2477844736,
    "operatingIncome": 596000000,
    "operatingIncomeRatio": 0.2112725984,
    "totalOtherIncomeExpensesNet": -32000000,
    "incomeBeforeTax": 564000000,
    "incomeBeforeTaxRatio": 0.1999291032,
    "incomeTaxExpense": 59000000,
    "netIncome": 505000000,
    "netIncomeRatio": 0.1790145339,
    "eps": 0.47,
    "epsdiluted": 0.46,
    "weightedAverageShsOut": 1083000000,
    "weightedAverageShsOutDil": 1093000000,
    "link": "https://www.sec.gov/Archives/edgar/data/6951/000000695116000059/0000006951-16-000059-index.htm",
    "finalLink": "https://www.sec.gov/Archives/edgar/data/6951/000000695116000059/amat731201610-qq32016.htm"
  },
  {
    "date": "2016-05-01",
    "symbol": "AMAT",
    "reportedCurrency": "USD",
    "cik": "0000006951",
    "fillingDate": "2016-05-26",
    "acceptedDate": "2016-05-26 16:20:52",
    "calendarYear": "2016",
    "period": "Q2",
    "revenue": 2450000000,
    "costOfRevenue": 1446000000,
    "grossProfit": 1004000000,
    "grossProfitRatio": 0.4097959184,
    "researchAndDevelopmentExpenses": 386000000,
    "generalAndAdministrativeExpenses": 91000000,
    "sellingAndMarketingExpenses": 102000000,
    "sellingGeneralAndAdministrativeExpenses": 193000000,
    "otherExpenses": 0,
    "operatingExpenses": 579000000,
    "costAndExpenses": 2025000000,
    "interestIncome": 7000000,
    "interestExpense": 37000000,
    "depreciationAndAmortization": 96000000,
    "ebitda": 521000000,
    "ebitdaratio": 0.2155102041,
    "operatingIncome": 425000000,
    "operatingIncomeRatio": 0.1734693878,
    "totalOtherIncomeExpensesNet": -30000000,
    "incomeBeforeTax": 395000000,
    "incomeBeforeTaxRatio": 0.1612244898,
    "incomeTaxExpense": 75000000,
    "netIncome": 320000000,
    "netIncomeRatio": 0.1306122449,
    "eps": 0.29,
    "epsdiluted": 0.29,
    "weightedAverageShsOut": 1113000000,
    "weightedAverageShsOutDil": 1119000000,
    "link": "https://www.sec.gov/Archives/edgar/data/6951/000000695116000048/0000006951-16-000048-index.htm",
    "finalLink": "https://www.sec.gov/Archives/edgar/data/6951/000000695116000048/amat51201610-qq22016.htm"
  },
  {
    "date": "2016-01-31",
    "symbol": "AMAT",
    "reportedCurrency": "USD",
    "cik": "0000006951",
    "fillingDate": "2016-02-25",
    "acceptedDate": "2016-02-25 16:30:46",
    "calendarYear": "2016",
    "period": "Q1",
    "revenue": 2257000000,
    "costOfRevenue": 1341000000,
    "grossProfit": 916000000,
    "grossProfitRatio": 0.4058484714,
    "researchAndDevelopmentExpenses": 374000000,
    "generalAndAdministrativeExpenses": 82000000,
    "sellingAndMarketingExpenses": 106000000,
    "sellingGeneralAndAdministrativeExpenses": 188000000,
    "otherExpenses": 0,
    "operatingExpenses": 562000000,
    "costAndExpenses": 1903000000,
    "interestIncome": 2000000,
    "interestExpense": 42000000,
    "depreciationAndAmortization": 96000000,
    "ebitda": 449000000,
    "ebitdaratio": 0.2002658396,
    "operatingIncome": 354000000,
    "operatingIncomeRatio": 0.15684537,
    "totalOtherIncomeExpensesNet": -40000000,
    "incomeBeforeTax": 314000000,
    "incomeBeforeTaxRatio": 0.1391227293,
    "incomeTaxExpense": 28000000,
    "netIncome": 286000000,
    "netIncomeRatio": 0.1267168808,
    "eps": 0.25,
    "epsdiluted": 0.25,
    "weightedAverageShsOut": 1146000000,
    "weightedAverageShsOutDil": 1154000000,
    "link": "https://www.sec.gov/Archives/edgar/data/6951/000000695116000041/0000006951-16-000041-index.htm",
    "finalLink": "https://www.sec.gov/Archives/edgar/data/6951/000000695116000041/amat131201610-qq12016.htm"
  },
  {
    "date": "2015-10-25",
    "symbol": "AMAT",
    "reportedCurrency": "USD",
    "cik": "0000006951",
    "fillingDate": "2015-12-09",
    "acceptedDate": "2015-12-09 17:29:47",
    "calendarYear": "2015",
    "period": "Q4",
    "revenue": 2368000000,
    "costOfRevenue": 1409000000,
    "grossProfit": 959000000,
    "grossProfitRatio": 0.4049831081,
    "researchAndDevelopmentExpenses": 363000000,
    "generalAndAdministrativeExpenses": 77000000,
    "sellingAndMarketingExpenses": 96000000,
    "sellingGeneralAndAdministrativeExpenses": 173000000,
    "otherExpenses": 0,
    "operatingExpenses": 536000000,
    "costAndExpenses": 1945000000,
    "interestIncome": 6000000,
    "interestExpense": 32000000,
    "depreciationAndAmortization": 96000000,
    "ebitda": 515000000,
    "ebitdaratio": 0.2217060811,
    "operatingIncome": 423000000,
    "operatingIncomeRatio": 0.1786317568,
    "totalOtherIncomeExpensesNet": -26000000,
    "incomeBeforeTax": 397000000,
    "incomeBeforeTaxRatio": 0.167652027,
    "incomeTaxExpense": 61000000,
    "netIncome": 336000000,
    "netIncomeRatio": 0.1418918919,
    "eps": 0.28,
    "epsdiluted": 0.28,
    "weightedAverageShsOut": 1182000000,
    "weightedAverageShsOutDil": 1190000000,
    "link": "https://www.sec.gov/Archives/edgar/data/6951/000000695115000034/0000006951-15-000034-index.htm",
    "finalLink": "https://www.sec.gov/Archives/edgar/data/6951/000000695115000034/amat10252015-10xkdoc.htm"
  },
  {
    "date": "2015-07-26",
    "symbol": "AMAT",
    "reportedCurrency": "USD",
    "cik": "0000006951",
    "fillingDate": "2015-08-20",
    "acceptedDate": "2015-08-20 16:22:56",
    "calendarYear": "2015",
    "period": "Q3",
    "revenue": 2490000000,
    "costOfRevenue": 1472000000,
    "grossProfit": 1018000000,
    "grossProfitRatio": 0.4088353414,
    "researchAndDevelopmentExpenses": 372000000,
    "generalAndAdministrativeExpenses": 135000000,
    "sellingAndMarketingExpenses": 112000000,
    "sellingGeneralAndAdministrativeExpenses": 247000000,
    "otherExpenses": 3000000,
    "operatingExpenses": 619000000,
    "costAndExpenses": 2091000000,
    "interestIncome": 3000000,
    "interestExpense": 24000000,
    "depreciationAndAmortization": 93000000,
    "ebitda": 545000000,
    "ebitdaratio": 0.1987951807,
    "operatingIncome": 396000000,
    "operatingIncomeRatio": 0.1590361446,
    "totalOtherIncomeExpensesNet": -21000000,
    "incomeBeforeTax": 375000000,
    "incomeBeforeTaxRatio": 0.1506024096,
    "incomeTaxExpense": 46000000,
    "netIncome": 329000000,
    "netIncomeRatio": 0.1321285141,
    "eps": 0.27,
    "epsdiluted": 0.27,
    "weightedAverageShsOut": 1221000000,
    "weightedAverageShsOutDil": 1231000000,
    "link": "https://www.sec.gov/Archives/edgar/data/6951/000000695115000026/0000006951-15-000026-index.htm",
    "finalLink": "https://www.sec.gov/Archives/edgar/data/6951/000000695115000026/amat726201510-qq32015.htm"
  },
  {
    "date": "2015-04-26",
    "symbol": "AMAT",
    "reportedCurrency": "USD",
    "cik": "0000006951",
    "fillingDate": "2015-05-21",
    "acceptedDate": "2015-05-21 16:15:30",
    "calendarYear": "2015",
    "period": "Q2",
    "revenue": 2442000000,
    "costOfRevenue": 1426000000,
    "grossProfit": 1016000000,
    "grossProfitRatio": 0.4160524161,
    "researchAndDevelopmentExpenses": 365000000,
    "generalAndAdministrativeExpenses": 140000000,
    "sellingAndMarketingExpenses": 109000000,
    "sellingGeneralAndAdministrativeExpenses": 249000000,
    "otherExpenses": 0,
    "operatingExpenses": 614000000,
    "costAndExpenses": 2040000000,
    "interestIncome": 0,
    "interestExpense": 27000000,
    "depreciationAndAmortization": 90000000,
    "ebitda": 506000000,
    "ebitdaratio": 0.2014742015,
    "operatingIncome": 416000000,
    "operatingIncomeRatio": 0.1703521704,
    "totalOtherIncomeExpensesNet": -27000000,
    "incomeBeforeTax": 389000000,
    "incomeBeforeTaxRatio": 0.1592956593,
    "incomeTaxExpense": 25000000,
    "netIncome": 364000000,
    "netIncomeRatio": 0.1490581491,
    "eps": 0.3,
    "epsdiluted": 0.29,
    "weightedAverageShsOut": 1230000000,
    "weightedAverageShsOutDil": 1241000000,
    "link": "https://www.sec.gov/Archives/edgar/data/6951/000000695115000014/0000006951-15-000014-index.htm",
    "finalLink": "https://www.sec.gov/Archives/edgar/data/6951/000000695115000014/amat426201510-qq22015.htm"
  },
  {
    "date": "2015-01-25",
    "symbol": "AMAT",
    "reportedCurrency": "USD",
    "cik": "0000006951",
    "fillingDate": "2015-02-19",
    "acceptedDate": "2015-02-19 16:35:54",
    "calendarYear": "2015",
    "period": "Q1",
    "revenue": 2359000000,
    "costOfRevenue": 1400000000,
    "grossProfit": 959000000,
    "grossProfitRatio": 0.4065281899,
    "researchAndDevelopmentExpenses": 351000000,
    "generalAndAdministrativeExpenses": 39000000,
    "sellingAndMarketingExpenses": 111000000,
    "sellingGeneralAndAdministrativeExpenses": 150000000,
    "otherExpenses": 0,
    "operatingExpenses": 501000000,
    "costAndExpenses": 1901000000,
    "interestIncome": 2000000,
    "interestExpense": 23000000,
    "depreciationAndAmortization": 92000000,
    "ebitda": 493000000,
    "ebitdaratio": 0.2339974565,
    "operatingIncome": 458000000,
    "operatingIncomeRatio": 0.1941500636,
    "totalOtherIncomeExpensesNet": -21000000,
    "incomeBeforeTax": 437000000,
    "incomeBeforeTaxRatio": 0.1852479864,
    "incomeTaxExpense": 89000000,
    "netIncome": 348000000,
    "netIncomeRatio": 0.1475201357,
    "eps": 0.28,
    "epsdiluted": 0.28,
    "weightedAverageShsOut": 1224000000,
    "weightedAverageShsOutDil": 1240000000,
    "link": "https://www.sec.gov/Archives/edgar/data/6951/000000695115000008/0000006951-15-000008-index.htm",
    "finalLink": "https://www.sec.gov/Archives/edgar/data/6951/000000695115000008/amat-form10xqq12015.htm"
  },
  {
    "date": "2014-10-26",
    "symbol": "AMAT",
    "reportedCurrency": "USD",
    "cik": "0000006951",
    "fillingDate": "2014-12-17",
    "acceptedDate": "2014-12-17 16:38:24",
    "calendarYear": "2014",
    "period": "Q4",
    "revenue": 2264000000,
    "costOfRevenue": 1305000000,
    "grossProfit": 959000000,
    "grossProfitRatio": 0.4235865724,
    "researchAndDevelopmentExpenses": 360000000,
    "generalAndAdministrativeExpenses": 90000000,
    "sellingAndMarketingExpenses": 99000000,
    "sellingGeneralAndAdministrativeExpenses": 189000000,
    "otherExpenses": 0,
    "operatingExpenses": 549000000,
    "costAndExpenses": 1854000000,
    "interestIncome": 9000000,
    "interestExpense": 23000000,
    "depreciationAndAmortization": 94000000,
    "ebitda": 466000000,
    "ebitdaratio": 0.226590106,
    "operatingIncome": 412000000,
    "operatingIncomeRatio": 0.1819787986,
    "totalOtherIncomeExpensesNet": -14000000,
    "incomeBeforeTax": 398000000,
    "incomeBeforeTaxRatio": 0.175795053,
    "incomeTaxExpense": 108000000,
    "netIncome": 290000000,
    "netIncomeRatio": 0.1280918728,
    "eps": 0.24,
    "epsdiluted": 0.23,
    "weightedAverageShsOut": 1220000000,
    "weightedAverageShsOutDil": 1236000000,
    "link": "https://www.sec.gov/Archives/edgar/data/6951/000000695114000037/0000006951-14-000037-index.htm",
    "finalLink": "https://www.sec.gov/Archives/edgar/data/6951/000000695114000037/amat10262014-10kdoc.htm"
  },
  {
    "date": "2014-07-27",
    "symbol": "AMAT",
    "reportedCurrency": "USD",
    "cik": "0000006951",
    "fillingDate": "2014-08-21",
    "acceptedDate": "2014-08-21 16:33:59",
    "calendarYear": "2014",
    "period": "Q3",
    "revenue": 2265000000,
    "costOfRevenue": 1273000000,
    "grossProfit": 992000000,
    "grossProfitRatio": 0.4379690949,
    "researchAndDevelopmentExpenses": 357000000,
    "generalAndAdministrativeExpenses": 136000000,
    "sellingAndMarketingExpenses": 108000000,
    "sellingGeneralAndAdministrativeExpenses": 244000000,
    "otherExpenses": 0,
    "operatingExpenses": 601000000,
    "costAndExpenses": 1874000000,
    "interestIncome": 3000000,
    "interestExpense": 24000000,
    "depreciationAndAmortization": 93000000,
    "ebitda": 526000000,
    "ebitdaratio": 0.2150110375,
    "operatingIncome": 391000000,
    "operatingIncomeRatio": 0.1726269316,
    "totalOtherIncomeExpensesNet": -21000000,
    "incomeBeforeTax": 370000000,
    "incomeBeforeTaxRatio": 0.1633554084,
    "incomeTaxExpense": 69000000,
    "netIncome": 301000000,
    "netIncomeRatio": 0.1328918322,
    "eps": 0.25,
    "epsdiluted": 0.24,
    "weightedAverageShsOut": 1218000000,
    "weightedAverageShsOutDil": 1233000000,
    "link": "https://www.sec.gov/Archives/edgar/data/6951/000000695114000028/0000006951-14-000028-index.htm",
    "finalLink": "https://www.sec.gov/Archives/edgar/data/6951/000000695114000028/amat-form10xqq32014.htm"
  },
  {
    "date": "2014-04-27",
    "symbol": "AMAT",
    "reportedCurrency": "USD",
    "cik": "0000006951",
    "fillingDate": "2014-05-22",
    "acceptedDate": "2014-05-22 16:26:07",
    "calendarYear": "2014",
    "period": "Q2",
    "revenue": 2353000000,
    "costOfRevenue": 1352000000,
    "grossProfit": 1001000000,
    "grossProfitRatio": 0.4254143646,
    "researchAndDevelopmentExpenses": 355000000,
    "generalAndAdministrativeExpenses": 152000000,
    "sellingAndMarketingExpenses": 107000000,
    "sellingGeneralAndAdministrativeExpenses": 259000000,
    "otherExpenses": 0,
    "operatingExpenses": 614000000,
    "costAndExpenses": 1966000000,
    "interestIncome": 1000000,
    "interestExpense": 23000000,
    "depreciationAndAmortization": 94000000,
    "ebitda": 530000000,
    "ebitdaratio": 0.2048448789,
    "operatingIncome": 387000000,
    "operatingIncomeRatio": 0.1644708882,
    "totalOtherIncomeExpensesNet": -22000000,
    "incomeBeforeTax": 365000000,
    "incomeBeforeTaxRatio": 0.155121122,
    "incomeTaxExpense": 103000000,
    "netIncome": 262000000,
    "netIncomeRatio": 0.1113472163,
    "eps": 0.22,
    "epsdiluted": 0.21,
    "weightedAverageShsOut": 1216000000,
    "weightedAverageShsOutDil": 1229000000,
    "link": "https://www.sec.gov/Archives/edgar/data/6951/000000695114000016/0000006951-14-000016-index.htm",
    "finalLink": "https://www.sec.gov/Archives/edgar/data/6951/000000695114000016/amat-form10xqq22014.htm"
  },
  {
    "date": "2014-01-26",
    "symbol": "AMAT",
    "reportedCurrency": "USD",
    "cik": "0000006951",
    "fillingDate": "2014-02-20",
    "acceptedDate": "2014-02-20 16:02:12",
    "calendarYear": "2014",
    "period": "Q1",
    "revenue": 2190000000,
    "costOfRevenue": 1299000000,
    "grossProfit": 891000000,
    "grossProfitRatio": 0.4068493151,
    "researchAndDevelopmentExpenses": 356000000,
    "generalAndAdministrativeExpenses": 89000000,
    "sellingAndMarketingExpenses": 109000000,
    "sellingGeneralAndAdministrativeExpenses": 198000000,
    "otherExpenses": 7000000,
    "operatingExpenses": 554000000,
    "costAndExpenses": 1853000000,
    "interestIncome": 13000000,
    "interestExpense": 25000000,
    "depreciationAndAmortization": 94000000,
    "ebitda": 400000000,
    "ebitdaratio": 0.202739726,
    "operatingIncome": 330000000,
    "operatingIncomeRatio": 0.1506849315,
    "totalOtherIncomeExpensesNet": -15000000,
    "incomeBeforeTax": 315000000,
    "incomeBeforeTaxRatio": 0.1438356164,
    "incomeTaxExpense": 62000000,
    "netIncome": 253000000,
    "netIncomeRatio": 0.1155251142,
    "eps": 0.21,
    "epsdiluted": 0.21,
    "weightedAverageShsOut": 1206000000,
    "weightedAverageShsOutDil": 1225000000,
    "link": "https://www.sec.gov/Archives/edgar/data/6951/000000695114000007/0000006951-14-000007-index.htm",
    "finalLink": "https://www.sec.gov/Archives/edgar/data/6951/000000695114000007/amat-form10xqq12014.htm"
  },
  {
    "date": "2013-10-27",
    "symbol": "AMAT",
    "reportedCurrency": "USD",
    "cik": "0000006951",
    "fillingDate": "2013-12-04",
    "acceptedDate": "2013-12-04 16:26:13",
    "calendarYear": "2013",
    "period": "Q4",
    "revenue": 1988000000,
    "costOfRevenue": 1193000000,
    "grossProfit": 795000000,
    "grossProfitRatio": 0.3998993964,
    "researchAndDevelopmentExpenses": 338000000,
    "generalAndAdministrativeExpenses": 117000000,
    "sellingAndMarketingExpenses": 99000000,
    "sellingGeneralAndAdministrativeExpenses": 216000000,
    "otherExpenses": 0,
    "operatingExpenses": 554000000,
    "costAndExpenses": 1747000000,
    "interestIncome": 8000000,
    "interestExpense": 24000000,
    "depreciationAndAmortization": 98000000,
    "ebitda": 339000000,
    "ebitdaratio": 0.1745472837,
    "operatingIncome": 211000000,
    "operatingIncomeRatio": 0.1061368209,
    "totalOtherIncomeExpensesNet": -17000000,
    "incomeBeforeTax": 194000000,
    "incomeBeforeTaxRatio": 0.0975855131,
    "incomeTaxExpense": 11000000,
    "netIncome": 183000000,
    "netIncomeRatio": 0.0920523139,
    "eps": 0.15,
    "epsdiluted": 0.15,
    "weightedAverageShsOut": 1204000000,
    "weightedAverageShsOutDil": 1222000000,
    "link": "https://www.sec.gov/Archives/edgar/data/6951/000000695113000044/0000006951-13-000044-index.htm",
    "finalLink": "https://www.sec.gov/Archives/edgar/data/6951/000000695113000044/amat10272013-10kdoc.htm"
  },
  {
    "date": "2013-07-28",
    "symbol": "AMAT",
    "reportedCurrency": "USD",
    "cik": "0000006951",
    "fillingDate": "2013-08-22",
    "acceptedDate": "2013-08-22 16:19:16",
    "calendarYear": "2013",
    "period": "Q3",
    "revenue": 1975000000,
    "costOfRevenue": 1169000000,
    "grossProfit": 806000000,
    "grossProfitRatio": 0.4081012658,
    "researchAndDevelopmentExpenses": 334000000,
    "generalAndAdministrativeExpenses": 97000000,
    "sellingAndMarketingExpenses": 111000000,
    "sellingGeneralAndAdministrativeExpenses": 208000000,
    "otherExpenses": 14000000,
    "operatingExpenses": 542000000,
    "costAndExpenses": 1711000000,
    "interestIncome": 4000000,
    "interestExpense": 23000000,
    "depreciationAndAmortization": 100000000,
    "ebitda": 351000000,
    "ebitdaratio": 0.1863291139,
    "operatingIncome": 250000000,
    "operatingIncomeRatio": 0.1265822785,
    "totalOtherIncomeExpensesNet": -22000000,
    "incomeBeforeTax": 228000000,
    "incomeBeforeTaxRatio": 0.115443038,
    "incomeTaxExpense": 60000000,
    "netIncome": 168000000,
    "netIncomeRatio": 0.0850632911,
    "eps": 0.14,
    "epsdiluted": 0.14,
    "weightedAverageShsOut": 1203000000,
    "weightedAverageShsOutDil": 1220000000,
    "link": "https://www.sec.gov/Archives/edgar/data/6951/000000695113000034/0000006951-13-000034-index.htm",
    "finalLink": "https://www.sec.gov/Archives/edgar/data/6951/000000695113000034/amat-form10xqq32013.htm"
  },
  {
    "date": "2013-04-28",
    "symbol": "AMAT",
    "reportedCurrency": "USD",
    "cik": "0000006951",
    "fillingDate": "2013-05-23",
    "acceptedDate": "2013-05-23 16:10:39",
    "calendarYear": "2013",
    "period": "Q2",
    "revenue": 1973000000,
    "costOfRevenue": 1165000000,
    "grossProfit": 808000000,
    "grossProfitRatio": 0.4095286366,
    "researchAndDevelopmentExpenses": 344000000,
    "generalAndAdministrativeExpenses": 115000000,
    "sellingAndMarketingExpenses": 118000000,
    "sellingGeneralAndAdministrativeExpenses": 244000000,
    "otherExpenses": 288000000,
    "operatingExpenses": 588000000,
    "costAndExpenses": 1753000000,
    "interestIncome": 4000000,
    "interestExpense": 24000000,
    "depreciationAndAmortization": 106000000,
    "ebitda": 40000000,
    "ebitdaratio": 0.1672579828,
    "operatingIncome": -68000000,
    "operatingIncomeRatio": -0.0344652813,
    "totalOtherIncomeExpensesNet": -22000000,
    "incomeBeforeTax": -90000000,
    "incomeBeforeTaxRatio": -0.0456158135,
    "incomeTaxExpense": 39000000,
    "netIncome": -129000000,
    "netIncomeRatio": -0.065382666,
    "eps": -0.11,
    "epsdiluted": -0.11,
    "weightedAverageShsOut": 1172727272,
    "weightedAverageShsOutDil": 1203000000,
    "link": "https://www.sec.gov/Archives/edgar/data/6951/000000695113000017/0000006951-13-000017-index.htm",
    "finalLink": "https://www.sec.gov/Archives/edgar/data/6951/000000695113000017/amat-form10xqq22013.htm"
  },
  {
    "date": "2013-01-27",
    "symbol": "AMAT",
    "reportedCurrency": "USD",
    "cik": "0000006951",
    "fillingDate": "2013-02-21",
    "acceptedDate": "2013-02-21 16:44:16",
    "calendarYear": "2013",
    "period": "Q1",
    "revenue": 1573000000,
    "costOfRevenue": 991000000,
    "grossProfit": 582000000,
    "grossProfitRatio": 0.3699936427,
    "researchAndDevelopmentExpenses": 304000000,
    "generalAndAdministrativeExpenses": 125000000,
    "sellingAndMarketingExpenses": 105000000,
    "sellingGeneralAndAdministrativeExpenses": 230000000,
    "otherExpenses": 9000000,
    "operatingExpenses": 534000000,
    "costAndExpenses": 1525000000,
    "interestIncome": 3000000,
    "interestExpense": 24000000,
    "depreciationAndAmortization": 106000000,
    "ebitda": 148000000,
    "ebitdaratio": 0.0998092816,
    "operatingIncome": 39000000,
    "operatingIncomeRatio": 0.0247933884,
    "totalOtherIncomeExpensesNet": -21000000,
    "incomeBeforeTax": 18000000,
    "incomeBeforeTaxRatio": 0.0114431024,
    "incomeTaxExpense": -16000000,
    "netIncome": 34000000,
    "netIncomeRatio": 0.0216147489,
    "eps": 0.03,
    "epsdiluted": 0.03,
    "weightedAverageShsOut": 1198000000,
    "weightedAverageShsOutDil": 1212000000,
    "link": "https://www.sec.gov/Archives/edgar/data/6951/000000695113000008/0000006951-13-000008-index.htm",
    "finalLink": "https://www.sec.gov/Archives/edgar/data/6951/000000695113000008/amat-form10xqq12013.htm"
  },
  {
    "date": "2012-10-28",
    "symbol": "AMAT",
    "reportedCurrency": "USD",
    "cik": "0000006951",
    "fillingDate": "2012-12-05",
    "acceptedDate": "2012-12-05 16:36:34",
    "calendarYear": "2012",
    "period": "Q4",
    "revenue": 1646000000,
    "costOfRevenue": 1060000000,
    "grossProfit": 586000000,
    "grossProfitRatio": 0.3560145808,
    "researchAndDevelopmentExpenses": 303000000,
    "generalAndAdministrativeExpenses": 49000000,
    "sellingAndMarketingExpenses": 107000000,
    "sellingGeneralAndAdministrativeExpenses": 237000000,
    "otherExpenses": 0,
    "operatingExpenses": 540000000,
    "costAndExpenses": 1600000000,
    "interestIncome": 5000000,
    "interestExpense": 24000000,
    "depreciationAndAmortization": 97000000,
    "ebitda": -412000000,
    "ebitdaratio": 0.0899149453,
    "operatingIncome": -499000000,
    "operatingIncomeRatio": -0.3031591738,
    "totalOtherIncomeExpensesNet": -672000000,
    "incomeBeforeTax": -532000000,
    "incomeBeforeTaxRatio": -0.3232077764,
    "incomeTaxExpense": -17000000,
    "netIncome": -515000000,
    "netIncomeRatio": -0.3128797084,
    "eps": -0.42,
    "epsdiluted": -0.42,
    "weightedAverageShsOut": 1220000000,
    "weightedAverageShsOutDil": 1220000000,
    "link": "https://www.sec.gov/Archives/edgar/data/6951/000000695112000018/0000006951-12-000018-index.htm",
    "finalLink": "https://www.sec.gov/Archives/edgar/data/6951/000000695112000018/amat10282012-10kdoc.htm"
  },
  {
    "date": "2012-07-29",
    "symbol": "AMAT",
    "reportedCurrency": "USD",
    "cik": "0000006951",
    "fillingDate": "2012-08-23",
    "acceptedDate": "2012-08-23 16:18:30",
    "calendarYear": "2012",
    "period": "Q3",
    "revenue": 2343000000,
    "costOfRevenue": 1413000000,
    "grossProfit": 930000000,
    "grossProfitRatio": 0.3969270166,
    "researchAndDevelopmentExpenses": 309000000,
    "generalAndAdministrativeExpenses": 0,
    "sellingAndMarketingExpenses": 0,
    "sellingGeneralAndAdministrativeExpenses": 255000000,
    "otherExpenses": 44000000,
    "operatingExpenses": 564000000,
    "costAndExpenses": 1977000000,
    "interestIncome": 4000000,
    "interestExpense": 24000000,
    "depreciationAndAmortization": 105000000,
    "ebitda": 431000000,
    "ebitdaratio": 0.2027315408,
    "operatingIncome": 322000000,
    "operatingIncomeRatio": 0.1374306445,
    "totalOtherIncomeExpensesNet": -20000000,
    "incomeBeforeTax": 302000000,
    "incomeBeforeTaxRatio": 0.1288945796,
    "incomeTaxExpense": 84000000,
    "netIncome": 218000000,
    "netIncomeRatio": 0.0930431071,
    "eps": 0.17,
    "epsdiluted": 0.17,
    "weightedAverageShsOut": 1257000000,
    "weightedAverageShsOutDil": 1268000000,
    "link": "https://www.sec.gov/Archives/edgar/data/6951/000000695112000011/0000006951-12-000011-index.htm",
    "finalLink": "https://www.sec.gov/Archives/edgar/data/6951/000000695112000011/amat-072912x10qxdoc.htm"
  },
  {
    "date": "2012-04-29",
    "symbol": "AMAT",
    "reportedCurrency": "USD",
    "cik": "0000006951",
    "fillingDate": "2012-05-24",
    "acceptedDate": "2012-05-24 16:25:10",
    "calendarYear": "2012",
    "period": "Q2",
    "revenue": 2541000000,
    "costOfRevenue": 1530000000,
    "grossProfit": 1011000000,
    "grossProfitRatio": 0.3978748524,
    "researchAndDevelopmentExpenses": 321000000,
    "generalAndAdministrativeExpenses": 0,
    "sellingAndMarketingExpenses": 0,
    "sellingGeneralAndAdministrativeExpenses": 281000000,
    "otherExpenses": 0,
    "operatingExpenses": 602000000,
    "costAndExpenses": 2132000000,
    "interestIncome": 4000000,
    "interestExpense": 23000000,
    "depreciationAndAmortization": 108000000,
    "ebitda": 518000000,
    "ebitdaratio": 0.2050373869,
    "operatingIncome": 409000000,
    "operatingIncomeRatio": 0.1609602519,
    "totalOtherIncomeExpensesNet": -22000000,
    "incomeBeforeTax": 387000000,
    "incomeBeforeTaxRatio": 0.1523022432,
    "incomeTaxExpense": 98000000,
    "netIncome": 289000000,
    "netIncomeRatio": 0.1137347501,
    "eps": 0.22,
    "epsdiluted": 0.22,
    "weightedAverageShsOut": 1289000000,
    "weightedAverageShsOutDil": 1301000000,
    "link": "https://www.sec.gov/Archives/edgar/data/6951/000144530512001872/0001445305-12-001872-index.htm",
    "finalLink": "https://www.sec.gov/Archives/edgar/data/6951/000144530512001872/amat-042912x10qxdoc.htm"
  },
  {
    "date": "2012-01-29",
    "symbol": "AMAT",
    "reportedCurrency": "USD",
    "cik": "0000006951",
    "fillingDate": "2012-02-27",
    "acceptedDate": "2012-02-27 16:48:45",
    "calendarYear": "2012",
    "period": "Q1",
    "revenue": 2189000000,
    "costOfRevenue": 1403000000,
    "grossProfit": 786000000,
    "grossProfitRatio": 0.3590680676,
    "researchAndDevelopmentExpenses": 304000000,
    "generalAndAdministrativeExpenses": 0,
    "sellingAndMarketingExpenses": 0,
    "sellingGeneralAndAdministrativeExpenses": 303000000,
    "otherExpenses": 0,
    "operatingExpenses": 607000000,
    "costAndExpenses": 2010000000,
    "interestIncome": 4000000,
    "interestExpense": 24000000,
    "depreciationAndAmortization": 112000000,
    "ebitda": 295000000,
    "ebitdaratio": 0.1347647328,
    "operatingIncome": 179000000,
    "operatingIncomeRatio": 0.0817724989,
    "totalOtherIncomeExpensesNet": -20000000,
    "incomeBeforeTax": 159000000,
    "incomeBeforeTaxRatio": 0.0726359068,
    "incomeTaxExpense": 42000000,
    "netIncome": 117000000,
    "netIncomeRatio": 0.0534490635,
    "eps": 0.09,
    "epsdiluted": 0.09,
    "weightedAverageShsOut": 1299000000,
    "weightedAverageShsOutDil": 1310000000,
    "link": "https://www.sec.gov/Archives/edgar/data/6951/000119312512081804/0001193125-12-081804-index.htm",
    "finalLink": "https://www.sec.gov/Archives/edgar/data/6951/000119312512081804/d277612d10q.htm"
  },
  {
    "date": "2011-10-30",
    "symbol": "AMAT",
    "reportedCurrency": "USD",
    "cik": "0000006951",
    "fillingDate": "2011-12-06",
    "acceptedDate": "2011-12-06 16:07:25",
    "calendarYear": "2011",
    "period": "Q4",
    "revenue": 2181000000,
    "costOfRevenue": 1330000000,
    "grossProfit": 851000000,
    "grossProfitRatio": 0.3901879872,
    "researchAndDevelopmentExpenses": 268000000,
    "generalAndAdministrativeExpenses": 0,
    "sellingAndMarketingExpenses": 0,
    "sellingGeneralAndAdministrativeExpenses": 222000000,
    "otherExpenses": 0,
    "operatingExpenses": 490000000,
    "costAndExpenses": 1820000000,
    "interestIncome": 9000000,
    "interestExpense": 24000000,
    "depreciationAndAmortization": 59000000,
    "ebitda": 426000000,
    "ebitdaratio": 0.1939477304,
    "operatingIncome": 361000000,
    "operatingIncomeRatio": 0.1655204035,
    "totalOtherIncomeExpensesNet": -18000000,
    "incomeBeforeTax": 343000000,
    "incomeBeforeTaxRatio": 0.1572673086,
    "incomeTaxExpense": -112000000,
    "netIncome": 455000000,
    "netIncomeRatio": 0.2086198991,
    "eps": 0.34,
    "epsdiluted": 0.34,
    "weightedAverageShsOut": 1319000000,
    "weightedAverageShsOutDil": 1330000000,
    "link": "https://www.sec.gov/Archives/edgar/data/6951/000119312511332050/0001193125-11-332050-index.htm",
    "finalLink": "https://www.sec.gov/Archives/edgar/data/6951/000119312511332050/d250870d10k.htm"
  },
  {
    "date": "2011-07-31",
    "symbol": "AMAT",
    "reportedCurrency": "USD",
    "cik": "0000006951",
    "fillingDate": "2011-08-26",
    "acceptedDate": "2011-08-26 16:06:51",
    "calendarYear": "2011",
    "period": "Q3",
    "revenue": 2787000000,
    "costOfRevenue": 1603000000,
    "grossProfit": 1184000000,
    "grossProfitRatio": 0.4248295658,
    "researchAndDevelopmentExpenses": 282000000,
    "generalAndAdministrativeExpenses": 0,
    "sellingAndMarketingExpenses": 0,
    "sellingGeneralAndAdministrativeExpenses": 240000000,
    "otherExpenses": 0,
    "operatingExpenses": 494000000,
    "costAndExpenses": 2097000000,
    "interestIncome": 7000000,
    "interestExpense": 25000000,
    "depreciationAndAmortization": 59000000,
    "ebitda": 753000000,
    "ebitdaratio": 0.2712594187,
    "operatingIncome": 687000000,
    "operatingIncomeRatio": 0.2465016146,
    "totalOtherIncomeExpensesNet": -18000000,
    "incomeBeforeTax": 669000000,
    "incomeBeforeTaxRatio": 0.2400430571,
    "incomeTaxExpense": 193000000,
    "netIncome": 476000000,
    "netIncomeRatio": 0.1707929673,
    "eps": 0.36,
    "epsdiluted": 0.36,
    "weightedAverageShsOut": 1318000000,
    "weightedAverageShsOutDil": 1330000000,
    "link": "https://www.sec.gov/Archives/edgar/data/6951/000095012311080527/0000950123-11-080527-index.htm",
    "finalLink": "https://www.sec.gov/Archives/edgar/data/6951/000095012311080527/f59502e10vq.htm"
  },
  {
    "date": "2011-05-01",
    "symbol": "AMAT",
    "reportedCurrency": "USD",
    "cik": "0000006951",
    "fillingDate": "2011-05-31",
    "acceptedDate": "2011-05-31 17:22:19",
    "calendarYear": "2011",
    "period": "Q2",
    "revenue": 2862000000,
    "costOfRevenue": 1673000000,
    "grossProfit": 1189000000,
    "grossProfitRatio": 0.4154437456,
    "researchAndDevelopmentExpenses": 297000000,
    "generalAndAdministrativeExpenses": 112000000,
    "sellingAndMarketingExpenses": 107000000,
    "sellingGeneralAndAdministrativeExpenses": 219000000,
    "otherExpenses": 0,
    "operatingExpenses": 516000000,
    "costAndExpenses": 2189000000,
    "interestIncome": 14000000,
    "interestExpense": 5000000,
    "depreciationAndAmortization": 65000000,
    "ebitda": 756000000,
    "ebitdaratio": 0.2627533194,
    "operatingIncome": 677000000,
    "operatingIncomeRatio": 0.2365478686,
    "totalOtherIncomeExpensesNet": 9000000,
    "incomeBeforeTax": 686000000,
    "incomeBeforeTaxRatio": 0.2396925227,
    "incomeTaxExpense": 197000000,
    "netIncome": 489000000,
    "netIncomeRatio": 0.1708595388,
    "eps": 0.37,
    "epsdiluted": 0.37,
    "weightedAverageShsOut": 1320000000,
    "weightedAverageShsOutDil": 1333000000,
    "link": "https://www.sec.gov/Archives/edgar/data/6951/000095012311055462/0000950123-11-055462-index.htm",
    "finalLink": "https://www.sec.gov/Archives/edgar/data/6951/000095012311055462/f58835e10vq.htm"
  },
  {
    "date": "2011-01-30",
    "symbol": "AMAT",
    "reportedCurrency": "USD",
    "cik": "0000006951",
    "fillingDate": "2011-02-28",
    "acceptedDate": "2011-02-28 16:12:36",
    "calendarYear": "2011",
    "period": "Q1",
    "revenue": 2686000000,
    "costOfRevenue": 1550000000,
    "grossProfit": 1136000000,
    "grossProfitRatio": 0.4229337305,
    "researchAndDevelopmentExpenses": 270000000,
    "generalAndAdministrativeExpenses": 112000000,
    "sellingAndMarketingExpenses": 109000000,
    "sellingGeneralAndAdministrativeExpenses": 221000000,
    "otherExpenses": 0,
    "operatingExpenses": 491000000,
    "costAndExpenses": 2041000000,
    "interestIncome": 11000000,
    "interestExpense": 5000000,
    "depreciationAndAmortization": 63000000,
    "ebitda": 748000000,
    "ebitdaratio": 0.2676842889,
    "operatingIncome": 674000000,
    "operatingIncomeRatio": 0.250930752,
    "totalOtherIncomeExpensesNet": 6000000,
    "incomeBeforeTax": 680000000,
    "incomeBeforeTaxRatio": 0.253164557,
    "incomeTaxExpense": 174000000,
    "netIncome": 506000000,
    "netIncomeRatio": 0.1883842144,
    "eps": 0.38,
    "epsdiluted": 0.38,
    "weightedAverageShsOut": 1324000000,
    "weightedAverageShsOutDil": 1335000000,
    "link": "https://www.sec.gov/Archives/edgar/data/6951/000095012311019761/0000950123-11-019761-index.htm",
    "finalLink": "https://www.sec.gov/Archives/edgar/data/6951/000095012311019761/f57971e10vq.htm"
  },
  {
    "date": "2010-10-31",
    "symbol": "AMAT",
    "reportedCurrency": "USD",
    "cik": "0000006951",
    "fillingDate": "2010-12-10",
    "acceptedDate": "2010-12-10 14:19:42",
    "calendarYear": "2010",
    "period": "Q4",
    "revenue": 2886435000,
    "costOfRevenue": 1669637000,
    "grossProfit": 1216798000,
    "grossProfitRatio": 0.4215573883,
    "researchAndDevelopmentExpenses": 278192000,
    "generalAndAdministrativeExpenses": 139248000,
    "sellingAndMarketingExpenses": 102659000,
    "sellingGeneralAndAdministrativeExpenses": 241907000,
    "otherExpenses": 0,
    "operatingExpenses": 520099000,
    "costAndExpenses": 2189736000,
    "interestIncome": 10177000,
    "interestExpense": 5745000,
    "depreciationAndAmortization": 68773000,
    "ebitda": 777867000,
    "ebitdaratio": 0.2687221434,
    "operatingIncome": 698917000,
    "operatingIncomeRatio": 0.2421384857,
    "totalOtherIncomeExpensesNet": -444668000,
    "incomeBeforeTax": 703349000,
    "incomeBeforeTaxRatio": 0.2436739438,
    "incomeTaxExpense": 235334000,
    "netIncome": 468015000,
    "netIncomeRatio": 0.1621429202,
    "eps": 0.35,
    "epsdiluted": 0.35,
    "weightedAverageShsOut": 1339949000,
    "weightedAverageShsOutDil": 1348804000,
    "link": "https://www.sec.gov/Archives/edgar/data/6951/000095012310112754/0000950123-10-112754-index.htm",
    "finalLink": "https://www.sec.gov/Archives/edgar/data/6951/000095012310112754/f56996e10vk.htm"
  },
  {
    "date": "2010-08-01",
    "symbol": "AMAT",
    "reportedCurrency": "USD",
    "cik": "0000006951",
    "fillingDate": "2010-09-03",
    "acceptedDate": "2010-09-03 16:05:47",
    "calendarYear": "2010",
    "period": "Q3",
    "revenue": 2517790000,
    "costOfRevenue": 1657662000,
    "grossProfit": 860128000,
    "grossProfitRatio": 0.3416202304,
    "researchAndDevelopmentExpenses": 290398000,
    "generalAndAdministrativeExpenses": 145994000,
    "sellingAndMarketingExpenses": 105754000,
    "sellingGeneralAndAdministrativeExpenses": 251748000,
    "otherExpenses": 135331000,
    "operatingExpenses": 542146000,
    "costAndExpenses": 2199808000,
    "interestIncome": 8480000,
    "interestExpense": 5496000,
    "depreciationAndAmortization": 72564000,
    "ebitda": 256000000,
    "ebitdaratio": 0.1584826376,
    "operatingIncome": 182651000,
    "operatingIncomeRatio": 0.0725441756,
    "totalOtherIncomeExpensesNet": -4651000,
    "incomeBeforeTax": 177831000,
    "incomeBeforeTaxRatio": 0.0706297984,
    "incomeTaxExpense": 54735000,
    "netIncome": 123096000,
    "netIncomeRatio": 0.0488904952,
    "eps": 0.09,
    "epsdiluted": 0.09,
    "weightedAverageShsOut": 1339660000,
    "weightedAverageShsOutDil": 1348808000,
    "link": "https://www.sec.gov/Archives/edgar/data/6951/000095012310083841/0000950123-10-083841-index.htm",
    "finalLink": "https://www.sec.gov/Archives/edgar/data/6951/000095012310083841/f55302e10vq.htm"
  },
  {
    "date": "2010-05-02",
    "symbol": "AMAT",
    "reportedCurrency": "USD",
    "cik": "0000006951",
    "fillingDate": "2010-06-09",
    "acceptedDate": "2010-06-09 17:00:46",
    "calendarYear": "2010",
    "period": "Q2",
    "revenue": 2295540000,
    "costOfRevenue": 1368648000,
    "grossProfit": 926892000,
    "grossProfitRatio": 0.4037795029,
    "researchAndDevelopmentExpenses": 305928000,
    "generalAndAdministrativeExpenses": 125779000,
    "sellingAndMarketingExpenses": 100420000,
    "sellingGeneralAndAdministrativeExpenses": 226199000,
    "otherExpenses": 8968000,
    "operatingExpenses": 532127000,
    "costAndExpenses": 1900775000,
    "interestIncome": 10132000,
    "interestExpense": 5206000,
    "depreciationAndAmortization": 86766000,
    "ebitda": 479000000,
    "ebitdaratio": 0.2109834723,
    "operatingIncome": 385797000,
    "operatingIncomeRatio": 0.1680637236,
    "totalOtherIncomeExpensesNet": 1255000,
    "incomeBeforeTax": 387052000,
    "incomeBeforeTaxRatio": 0.1686104359,
    "incomeTaxExpense": 123048000,
    "netIncome": 264004000,
    "netIncomeRatio": 0.1150073621,
    "eps": 0.2,
    "epsdiluted": 0.2,
    "weightedAverageShsOut": 1344617000,
    "weightedAverageShsOutDil": 1352436000,
    "link": "https://www.sec.gov/Archives/edgar/data/6951/000095012310056967/0000950123-10-056967-index.htm",
    "finalLink": "https://www.sec.gov/Archives/edgar/data/6951/000095012310056967/f55265e10vq.htm"
  },
  {
    "date": "2010-01-31",
    "symbol": "AMAT",
    "reportedCurrency": "USD",
    "cik": "0000006951",
    "fillingDate": "2010-03-09",
    "acceptedDate": "2010-03-09 16:05:31",
    "calendarYear": "2010",
    "period": "Q1",
    "revenue": 1848902000,
    "costOfRevenue": 1137718000,
    "grossProfit": 711184000,
    "grossProfitRatio": 0.38465208,
    "researchAndDevelopmentExpenses": 269003000,
    "generalAndAdministrativeExpenses": 124799000,
    "sellingAndMarketingExpenses": 97195000,
    "sellingGeneralAndAdministrativeExpenses": 221994000,
    "otherExpenses": 0,
    "operatingExpenses": 490997000,
    "costAndExpenses": 1628715000,
    "interestIncome": 8641000,
    "interestExpense": 5060000,
    "depreciationAndAmortization": 76412000,
    "ebitda": 200000000,
    "ebitdaratio": 0.164448954,
    "operatingIncome": 116343000,
    "operatingIncomeRatio": 0.0629254552,
    "totalOtherIncomeExpensesNet": 2391000,
    "incomeBeforeTax": 118734000,
    "incomeBeforeTaxRatio": 0.0642186552,
    "incomeTaxExpense": 35983000,
    "netIncome": 82751000,
    "netIncomeRatio": 0.0447568341,
    "eps": 0.06,
    "epsdiluted": 0.06,
    "weightedAverageShsOut": 1341941000,
    "weightedAverageShsOutDil": 1349567000,
    "link": "https://www.sec.gov/Archives/edgar/data/6951/000095012310022556/0000950123-10-022556-index.htm",
    "finalLink": "https://www.sec.gov/Archives/edgar/data/6951/000095012310022556/f54450e10vq.htm"
  },
  {
    "date": "2009-10-25",
    "symbol": "AMAT",
    "reportedCurrency": "USD",
    "cik": "0000006951",
    "fillingDate": "2009-12-11",
    "acceptedDate": "2009-12-11 16:20:48",
    "calendarYear": "2009",
    "period": "Q4",
    "revenue": 1526394000,
    "costOfRevenue": 967558000,
    "grossProfit": 558836000,
    "grossProfitRatio": 0.3661151708,
    "researchAndDevelopmentExpenses": 234188000,
    "generalAndAdministrativeExpenses": 76138000,
    "sellingAndMarketingExpenses": 79261000,
    "sellingGeneralAndAdministrativeExpenses": 155399000,
    "otherExpenses": 0,
    "operatingExpenses": 389587000,
    "costAndExpenses": 1357145000,
    "interestIncome": 11323000,
    "interestExpense": 5359000,
    "depreciationAndAmortization": 71594000,
    "ebitda": 250801000,
    "ebitdaratio": 0.1652037416,
    "operatingIncome": 172942000,
    "operatingIncomeRatio": 0.1133010219,
    "totalOtherIncomeExpensesNet": 906000,
    "incomeBeforeTax": 173848000,
    "incomeBeforeTaxRatio": 0.1138945777,
    "incomeTaxExpense": 35986000,
    "netIncome": 137862000,
    "netIncomeRatio": 0.0903187513,
    "eps": 0.1,
    "epsdiluted": 0.1,
    "weightedAverageShsOut": 1333091000,
    "weightedAverageShsOutDil": 1333091000,
    "link": "https://www.sec.gov/Archives/edgar/data/6951/000095012309070205/0000950123-09-070205-index.htm",
    "finalLink": "https://www.sec.gov/Archives/edgar/data/6951/000095012309070205/f53510e10vk.htm"
  }
]