[
  {
    "date": "2024-09-28",
    "symbol": "AMD",
    "reportedCurrency": "USD",
    "cik": "0000002488",
    "fillingDate": "2024-10-30",
    "acceptedDate": "2024-10-30 16:26:03",
    "calendarYear": "2024",
    "period": "Q3",
    "revenue": 6819000000,
    "costOfRevenue": 3400000000,
    "grossProfit": 3419000000,
    "grossProfitRatio": 0.5013931662,
    "researchAndDevelopmentExpenses": 1636000000,
    "generalAndAdministrativeExpenses": 0,
    "sellingAndMarketingExpenses": 0,
    "sellingGeneralAndAdministrativeExpenses": 721000000,
    "otherExpenses": 338000000,
    "operatingExpenses": 2695000000,
    "costAndExpenses": 6095000000,
    "interestIncome": 0,
    "interestExpense": 23000000,
    "depreciationAndAmortization": 786000000,
    "ebitda": 1546000000,
    "ebitdaratio": 0.2267194603,
    "operatingIncome": 724000000,
    "operatingIncomeRatio": 0.1061739258,
    "totalOtherIncomeExpensesNet": 13000000,
    "incomeBeforeTax": 737000000,
    "incomeBeforeTaxRatio": 0.1080803637,
    "incomeTaxExpense": -27000000,
    "netIncome": 771000000,
    "netIncomeRatio": 0.113066432,
    "eps": 0.48,
    "epsdiluted": 0.47,
    "weightedAverageShsOut": 1620000000,
    "weightedAverageShsOutDil": 1636000000,
    "link": "https://www.sec.gov/Archives/edgar/data/2488/000000248824000163/0000002488-24-000163-index.htm",
    "finalLink": "https://www.sec.gov/Archives/edgar/data/2488/000000248824000163/amd-20240928.htm"
  },
  {
    "date": "2024-06-29",
    "symbol": "AMD",
    "reportedCurrency": "USD",
    "cik": "0000002488",
    "fillingDate": "2024-07-31",
    "acceptedDate": "2024-07-31 16:20:22",
    "calendarYear": "2024",
    "period": "Q2",
    "revenue": 5835000000,
    "costOfRevenue": 2740000000,
    "grossProfit": 3095000000,
    "grossProfitRatio": 0.53041988,
    "researchAndDevelopmentExpenses": 1583000000,
    "generalAndAdministrativeExpenses": 0,
    "sellingAndMarketingExpenses": 0,
    "sellingGeneralAndAdministrativeExpenses": 650000000,
    "otherExpenses": 55000000,
    "operatingExpenses": 2764000000,
    "costAndExpenses": 5504000000,
    "interestIncome": 25000000,
    "interestExpense": 25000000,
    "depreciationAndAmortization": 769000000,
    "ebitda": 1119000000,
    "ebitdaratio": 0.1778920308,
    "operatingIncome": 269000000,
    "operatingIncomeRatio": 0.046101114,
    "totalOtherIncomeExpensesNet": 30000000,
    "incomeBeforeTax": 299000000,
    "incomeBeforeTaxRatio": 0.0512425021,
    "incomeTaxExpense": 41000000,
    "netIncome": 265000000,
    "netIncomeRatio": 0.0454155955,
    "eps": 0.16,
    "epsdiluted": 0.16,
    "weightedAverageShsOut": 1656250000,
    "weightedAverageShsOutDil": 1637000000,
    "link": "https://www.sec.gov/Archives/edgar/data/2488/000000248824000123/0000002488-24-000123-index.htm",
    "finalLink": "https://www.sec.gov/Archives/edgar/data/2488/000000248824000123/amd-20240629.htm"
  },
  {
    "date": "2024-03-30",
    "symbol": "AMD",
    "reportedCurrency": "USD",
    "cik": "0000002488",
    "fillingDate": "2024-05-01",
    "acceptedDate": "2024-05-01 16:10:44",
    "calendarYear": "2024",
    "period": "Q1",
    "revenue": 5473000000,
    "costOfRevenue": 2683000000,
    "grossProfit": 2790000000,
    "grossProfitRatio": 0.5097752604,
    "researchAndDevelopmentExpenses": 1525000000,
    "generalAndAdministrativeExpenses": 0,
    "sellingAndMarketingExpenses": 0,
    "sellingGeneralAndAdministrativeExpenses": 620000000,
    "otherExpenses": 53000000,
    "operatingExpenses": 2694000000,
    "costAndExpenses": 5377000000,
    "interestIncome": 25000000,
    "interestExpense": 25000000,
    "depreciationAndAmortization": 784000000,
    "ebitda": 899000000,
    "ebitdaratio": 0.1498264206,
    "operatingIncome": 36000000,
    "operatingIncomeRatio": 0.0065777453,
    "totalOtherIncomeExpensesNet": 28000000,
    "incomeBeforeTax": 64000000,
    "incomeBeforeTaxRatio": 0.0116937694,
    "incomeTaxExpense": -52000000,
    "netIncome": 123000000,
    "netIncomeRatio": 0.0224739631,
    "eps": 0.08,
    "epsdiluted": 0.07,
    "weightedAverageShsOut": 1757142857,
    "weightedAverageShsOutDil": 1639000000,
    "link": "https://www.sec.gov/Archives/edgar/data/2488/000000248824000056/0000002488-24-000056-index.htm",
    "finalLink": "https://www.sec.gov/Archives/edgar/data/2488/000000248824000056/amd-20240330.htm"
  },
  {
    "date": "2023-12-30",
    "symbol": "AMD",
    "reportedCurrency": "USD",
    "cik": "0000002488",
    "fillingDate": "2024-01-31",
    "acceptedDate": "2024-01-31 17:16:39",
    "calendarYear": "2023",
    "period": "Q4",
    "revenue": 6168000000,
    "costOfRevenue": 3042000000,
    "grossProfit": 3126000000,
    "grossProfitRatio": 0.5068093385,
    "researchAndDevelopmentExpenses": 1511000000,
    "generalAndAdministrativeExpenses": -51000000,
    "sellingAndMarketingExpenses": 695000000,
    "sellingGeneralAndAdministrativeExpenses": 644000000,
    "otherExpenses": -156000000,
    "operatingExpenses": 2788000000,
    "costAndExpenses": 5830000000,
    "interestIncome": 32000000,
    "interestExpense": 27000000,
    "depreciationAndAmortization": 799000000,
    "ebitda": 1215000000,
    "ebitdaratio": 0.1849870298,
    "operatingIncome": 342000000,
    "operatingIncomeRatio": 0.0554474708,
    "totalOtherIncomeExpensesNet": 22000000,
    "incomeBeforeTax": 364000000,
    "incomeBeforeTaxRatio": 0.0590142672,
    "incomeTaxExpense": -297000000,
    "netIncome": 667000000,
    "netIncomeRatio": 0.1081387808,
    "eps": 0.41,
    "epsdiluted": 0.41,
    "weightedAverageShsOut": 1616002054,
    "weightedAverageShsOutDil": 1628000000,
    "link": "https://www.sec.gov/Archives/edgar/data/2488/000000248824000012/0000002488-24-000012-index.htm",
    "finalLink": "https://www.sec.gov/Archives/edgar/data/2488/000000248824000012/amd-20231230.htm"
  },
  {
    "date": "2023-09-30",
    "symbol": "AMD",
    "reportedCurrency": "USD",
    "cik": "0000002488",
    "fillingDate": "2023-11-01",
    "acceptedDate": "2023-11-01 16:20:28",
    "calendarYear": "2023",
    "period": "Q3",
    "revenue": 5800000000,
    "costOfRevenue": 2843000000,
    "grossProfit": 2957000000,
    "grossProfitRatio": 0.5098275862,
    "researchAndDevelopmentExpenses": 1507000000,
    "generalAndAdministrativeExpenses": 0,
    "sellingAndMarketingExpenses": 0,
    "sellingGeneralAndAdministrativeExpenses": 576000000,
    "otherExpenses": 59000000,
    "operatingExpenses": 2730000000,
    "costAndExpenses": 5573000000,
    "interestIncome": 33000000,
    "interestExpense": 26000000,
    "depreciationAndAmortization": 823000000,
    "ebitda": 1131000000,
    "ebitdaratio": 0.1805172414,
    "operatingIncome": 224000000,
    "operatingIncomeRatio": 0.0386206897,
    "totalOtherIncomeExpensesNet": 33000000,
    "incomeBeforeTax": 257000000,
    "incomeBeforeTaxRatio": 0.0443103448,
    "incomeTaxExpense": -39000000,
    "netIncome": 299000000,
    "netIncomeRatio": 0.0515517241,
    "eps": 0.18,
    "epsdiluted": 0.18,
    "weightedAverageShsOut": 1661111111,
    "weightedAverageShsOutDil": 1629000000,
    "link": "https://www.sec.gov/Archives/edgar/data/2488/000000248823000195/0000002488-23-000195-index.htm",
    "finalLink": "https://www.sec.gov/Archives/edgar/data/2488/000000248823000195/amd-20230930.htm"
  },
  {
    "date": "2023-07-01",
    "symbol": "AMD",
    "reportedCurrency": "USD",
    "cik": "0000002488",
    "fillingDate": "2023-08-02",
    "acceptedDate": "2023-08-02 17:12:01",
    "calendarYear": "2023",
    "period": "Q2",
    "revenue": 5359000000,
    "costOfRevenue": 2704000000,
    "grossProfit": 2655000000,
    "grossProfitRatio": 0.4954282515,
    "researchAndDevelopmentExpenses": 1443000000,
    "generalAndAdministrativeExpenses": 0,
    "sellingAndMarketingExpenses": 0,
    "sellingGeneralAndAdministrativeExpenses": 547000000,
    "otherExpenses": 46000000,
    "operatingExpenses": 2623000000,
    "costAndExpenses": 5327000000,
    "interestIncome": 28000000,
    "interestExpense": 28000000,
    "depreciationAndAmortization": 849000000,
    "ebitda": 899000000,
    "ebitdaratio": 0.1546930397,
    "operatingIncome": -20000000,
    "operatingIncomeRatio": -0.0037320396,
    "totalOtherIncomeExpensesNet": 18000000,
    "incomeBeforeTax": -2000000,
    "incomeBeforeTaxRatio": -0.000373204,
    "incomeTaxExpense": -23000000,
    "netIncome": 27000000,
    "netIncomeRatio": 0.0050382534,
    "eps": 0.02,
    "epsdiluted": 0.02,
    "weightedAverageShsOut": 1612036539,
    "weightedAverageShsOutDil": 1627000000,
    "link": "https://www.sec.gov/Archives/edgar/data/2488/000000248823000139/0000002488-23-000139-index.htm",
    "finalLink": "https://www.sec.gov/Archives/edgar/data/2488/000000248823000139/amd-20230701.htm"
  },
  {
    "date": "2023-04-01",
    "symbol": "AMD",
    "reportedCurrency": "USD",
    "cik": "0000002488",
    "fillingDate": "2023-05-03",
    "acceptedDate": "2023-05-03 16:28:42",
    "calendarYear": "2023",
    "period": "Q1",
    "revenue": 5353000000,
    "costOfRevenue": 2689000000,
    "grossProfit": 2664000000,
    "grossProfitRatio": 0.4976648608,
    "researchAndDevelopmentExpenses": 1411000000,
    "generalAndAdministrativeExpenses": 0,
    "sellingAndMarketingExpenses": 0,
    "sellingGeneralAndAdministrativeExpenses": 585000000,
    "otherExpenses": 43000000,
    "operatingExpenses": 2765000000,
    "costAndExpenses": 5454000000,
    "interestIncome": 25000000,
    "interestExpense": 25000000,
    "depreciationAndAmortization": 982000000,
    "ebitda": 904000000,
    "ebitdaratio": 0.1563609191,
    "operatingIncome": -145000000,
    "operatingIncomeRatio": -0.0270876144,
    "totalOtherIncomeExpensesNet": 18000000,
    "incomeBeforeTax": -127000000,
    "incomeBeforeTaxRatio": -0.023725014,
    "incomeTaxExpense": 13000000,
    "netIncome": -139000000,
    "netIncomeRatio": -0.0259667476,
    "eps": -0.09,
    "epsdiluted": -0.09,
    "weightedAverageShsOut": 1544444444,
    "weightedAverageShsOutDil": 1611000000,
    "link": "https://www.sec.gov/Archives/edgar/data/2488/000000248823000076/0000002488-23-000076-index.htm",
    "finalLink": "https://www.sec.gov/Archives/edgar/data/2488/000000248823000076/amd-20230401.htm"
  },
  {
    "date": "2022-12-31",
    "symbol": "AMD",
    "reportedCurrency": "USD",
    "cik": "0000002488",
    "fillingDate": "2023-02-27",
    "acceptedDate": "2023-02-27 16:20:39",
    "calendarYear": "2022",
    "period": "Q4",
    "revenue": 5599000000,
    "costOfRevenue": 2753000000,
    "grossProfit": 2846000000,
    "grossProfitRatio": 0.5083050545,
    "researchAndDevelopmentExpenses": 1366000000,
    "generalAndAdministrativeExpenses": -93000000,
    "sellingAndMarketingExpenses": 683000000,
    "sellingGeneralAndAdministrativeExpenses": 590000000,
    "otherExpenses": 29000000,
    "operatingExpenses": 2992000000,
    "costAndExpenses": 5745000000,
    "interestIncome": 13000000,
    "interestExpense": 19000000,
    "depreciationAndAmortization": 482000000,
    "ebitda": 333000000,
    "ebitdaratio": 0.0594749062,
    "operatingIncome": -149000000,
    "operatingIncomeRatio": -0.026611895,
    "totalOtherIncomeExpensesNet": 13000000,
    "incomeBeforeTax": -136000000,
    "incomeBeforeTaxRatio": -0.0242900518,
    "incomeTaxExpense": -154000000,
    "netIncome": 21000000,
    "netIncomeRatio": 0.0037506698,
    "eps": 0.01,
    "epsdiluted": 0.01,
    "weightedAverageShsOut": 2528292800,
    "weightedAverageShsOutDil": 1618000000,
    "link": "https://www.sec.gov/Archives/edgar/data/2488/000000248823000047/0000002488-23-000047-index.htm",
    "finalLink": "https://www.sec.gov/Archives/edgar/data/2488/000000248823000047/amd-20221231.htm"
  },
  {
    "date": "2022-09-24",
    "symbol": "AMD",
    "reportedCurrency": "USD",
    "cik": "0000002488",
    "fillingDate": "2022-11-02",
    "acceptedDate": "2022-11-02 16:35:10",
    "calendarYear": "2022",
    "period": "Q3",
    "revenue": 5565000000,
    "costOfRevenue": 3211000000,
    "grossProfit": 2354000000,
    "grossProfitRatio": 0.4230008985,
    "researchAndDevelopmentExpenses": 1279000000,
    "generalAndAdministrativeExpenses": 0,
    "sellingAndMarketingExpenses": 0,
    "sellingGeneralAndAdministrativeExpenses": 557000000,
    "otherExpenses": 22000000,
    "operatingExpenses": 2418000000,
    "costAndExpenses": 5629000000,
    "interestIncome": 0,
    "interestExpense": 31000000,
    "depreciationAndAmortization": 590000000,
    "ebitda": 548000000,
    "ebitdaratio": 0.0984725966,
    "operatingIncome": -64000000,
    "operatingIncomeRatio": -0.0115004492,
    "totalOtherIncomeExpensesNet": -9000000,
    "incomeBeforeTax": -73000000,
    "incomeBeforeTaxRatio": -0.0131176999,
    "incomeTaxExpense": -135000000,
    "netIncome": 66000000,
    "netIncomeRatio": 0.0118598383,
    "eps": 0.04,
    "epsdiluted": 0.04,
    "weightedAverageShsOut": 1615000000,
    "weightedAverageShsOutDil": 1625000000,
    "link": "https://www.sec.gov/Archives/edgar/data/2488/000000248822000170/0000002488-22-000170-index.htm",
    "finalLink": "https://www.sec.gov/Archives/edgar/data/2488/000000248822000170/amd-20220924.htm"
  },
  {
    "date": "2022-06-25",
    "symbol": "AMD",
    "reportedCurrency": "USD",
    "cik": "0000002488",
    "fillingDate": "2022-08-03",
    "acceptedDate": "2022-08-03 17:15:57",
    "calendarYear": "2022",
    "period": "Q2",
    "revenue": 6550000000,
    "costOfRevenue": 3115000000,
    "grossProfit": 3435000000,
    "grossProfitRatio": 0.5244274809,
    "researchAndDevelopmentExpenses": 1300000000,
    "generalAndAdministrativeExpenses": 0,
    "sellingAndMarketingExpenses": 0,
    "sellingGeneralAndAdministrativeExpenses": 592000000,
    "otherExpenses": 0,
    "operatingExpenses": 2909000000,
    "costAndExpenses": 6024000000,
    "interestIncome": 25000000,
    "interestExpense": 25000000,
    "depreciationAndAmortization": 1180000000,
    "ebitda": 1723000000,
    "ebitdaratio": 0.2604580153,
    "operatingIncome": 526000000,
    "operatingIncomeRatio": 0.0803053435,
    "totalOtherIncomeExpensesNet": -29000000,
    "incomeBeforeTax": 497000000,
    "incomeBeforeTaxRatio": 0.0758778626,
    "incomeTaxExpense": 54000000,
    "netIncome": 447000000,
    "netIncomeRatio": 0.0682442748,
    "eps": 0.28,
    "epsdiluted": 0.27,
    "weightedAverageShsOut": 1655555555,
    "weightedAverageShsOutDil": 1632000000,
    "link": "https://www.sec.gov/Archives/edgar/data/2488/000000248822000123/0000002488-22-000123-index.htm",
    "finalLink": "https://www.sec.gov/Archives/edgar/data/2488/000000248822000123/amd-20220625.htm"
  },
  {
    "date": "2022-03-26",
    "symbol": "AMD",
    "reportedCurrency": "USD",
    "cik": "0000002488",
    "fillingDate": "2022-05-04",
    "acceptedDate": "2022-05-04 16:50:40",
    "calendarYear": "2022",
    "period": "Q1",
    "revenue": 5887000000,
    "costOfRevenue": 2883000000,
    "grossProfit": 3004000000,
    "grossProfitRatio": 0.5102768813,
    "researchAndDevelopmentExpenses": 1060000000,
    "generalAndAdministrativeExpenses": 0,
    "sellingAndMarketingExpenses": 0,
    "sellingGeneralAndAdministrativeExpenses": 597000000,
    "otherExpenses": 0,
    "operatingExpenses": 2092000000,
    "costAndExpenses": 4975000000,
    "interestIncome": 13000000,
    "interestExpense": 13000000,
    "depreciationAndAmortization": 609000000,
    "ebitda": 1537000000,
    "ebitdaratio": 0.2649906574,
    "operatingIncome": 951000000,
    "operatingIncomeRatio": 0.1615423815,
    "totalOtherIncomeExpensesNet": -55000000,
    "incomeBeforeTax": 896000000,
    "incomeBeforeTaxRatio": 0.1521997622,
    "incomeTaxExpense": 113000000,
    "netIncome": 786000000,
    "netIncomeRatio": 0.1335145235,
    "eps": 0.56,
    "epsdiluted": 0.56,
    "weightedAverageShsOut": 1403571428,
    "weightedAverageShsOutDil": 1410000000,
    "link": "https://www.sec.gov/Archives/edgar/data/2488/000000248822000078/0000002488-22-000078-index.htm",
    "finalLink": "https://www.sec.gov/Archives/edgar/data/2488/000000248822000078/amd-20220326.htm"
  },
  {
    "date": "2021-12-25",
    "symbol": "AMD",
    "reportedCurrency": "USD",
    "cik": "0000002488",
    "fillingDate": "2022-02-03",
    "acceptedDate": "2022-02-03 17:22:50",
    "calendarYear": "2021",
    "period": "Q4",
    "revenue": 4826000000,
    "costOfRevenue": 2400000000,
    "grossProfit": 2426000000,
    "grossProfitRatio": 0.5026937422,
    "researchAndDevelopmentExpenses": 811000000,
    "generalAndAdministrativeExpenses": 0,
    "sellingAndMarketingExpenses": 578000000,
    "sellingGeneralAndAdministrativeExpenses": 445000000,
    "otherExpenses": 0,
    "operatingExpenses": 1223000000,
    "costAndExpenses": 3623000000,
    "interestIncome": 0,
    "interestExpense": 8000000,
    "depreciationAndAmortization": 118000000,
    "ebitda": 1345000000,
    "ebitdaratio": 0.2677165354,
    "operatingIncome": 1174000000,
    "operatingIncomeRatio": 0.2432656444,
    "totalOtherIncomeExpensesNet": -4000000,
    "incomeBeforeTax": 1203000000,
    "incomeBeforeTaxRatio": 0.2492747617,
    "incomeTaxExpense": 229000000,
    "netIncome": 974000000,
    "netIncomeRatio": 0.2018234563,
    "eps": 0.81,
    "epsdiluted": 0.8,
    "weightedAverageShsOut": 1230400751,
    "weightedAverageShsOutDil": 1222000000,
    "link": "https://www.sec.gov/Archives/edgar/data/2488/000000248822000016/0000002488-22-000016-index.htm",
    "finalLink": "https://www.sec.gov/Archives/edgar/data/2488/000000248822000016/amd-20211225.htm"
  },
  {
    "date": "2021-09-25",
    "symbol": "AMD",
    "reportedCurrency": "USD",
    "cik": "0000002488",
    "fillingDate": "2021-10-27",
    "acceptedDate": "2021-10-27 16:37:56",
    "calendarYear": "2021",
    "period": "Q3",
    "revenue": 4313000000,
    "costOfRevenue": 2227000000,
    "grossProfit": 2086000000,
    "grossProfitRatio": 0.4836540691,
    "researchAndDevelopmentExpenses": 765000000,
    "generalAndAdministrativeExpenses": 0,
    "sellingAndMarketingExpenses": 0,
    "sellingGeneralAndAdministrativeExpenses": 368000000,
    "otherExpenses": 0,
    "operatingExpenses": 1074000000,
    "costAndExpenses": 3301000000,
    "interestIncome": 7000000,
    "interestExpense": 7000000,
    "depreciationAndAmortization": 97000000,
    "ebitda": 1122000000,
    "ebitdaratio": 0.2441456063,
    "operatingIncome": 956000000,
    "operatingIncomeRatio": 0.2216554602,
    "totalOtherIncomeExpensesNet": 55000000,
    "incomeBeforeTax": 1003000000,
    "incomeBeforeTaxRatio": 0.2325527475,
    "incomeTaxExpense": 82000000,
    "netIncome": 923000000,
    "netIncomeRatio": 0.2140041734,
    "eps": 0.76,
    "epsdiluted": 0.75,
    "weightedAverageShsOut": 1230666666,
    "weightedAverageShsOutDil": 1230000000,
    "link": "https://www.sec.gov/Archives/edgar/data/2488/000000248821000178/0000002488-21-000178-index.htm",
    "finalLink": "https://www.sec.gov/Archives/edgar/data/2488/000000248821000178/amd-20210925.htm"
  },
  {
    "date": "2021-06-26",
    "symbol": "AMD",
    "reportedCurrency": "USD",
    "cik": "0000002488",
    "fillingDate": "2021-07-28",
    "acceptedDate": "2021-07-28 16:46:31",
    "calendarYear": "2021",
    "period": "Q2",
    "revenue": 3850000000,
    "costOfRevenue": 2020000000,
    "grossProfit": 1830000000,
    "grossProfitRatio": 0.4753246753,
    "researchAndDevelopmentExpenses": 659000000,
    "generalAndAdministrativeExpenses": 0,
    "sellingAndMarketingExpenses": 0,
    "sellingGeneralAndAdministrativeExpenses": 341000000,
    "otherExpenses": 0,
    "operatingExpenses": 997000000,
    "costAndExpenses": 3017000000,
    "interestIncome": 10000000,
    "interestExpense": 10000000,
    "depreciationAndAmortization": 97000000,
    "ebitda": 831000000,
    "ebitdaratio": 0.241038961,
    "operatingIncome": 831000000,
    "operatingIncomeRatio": 0.2158441558,
    "totalOtherIncomeExpensesNet": -10000000,
    "incomeBeforeTax": 821000000,
    "incomeBeforeTaxRatio": 0.2132467532,
    "incomeTaxExpense": 113000000,
    "netIncome": 710000000,
    "netIncomeRatio": 0.1844155844,
    "eps": 0.58,
    "epsdiluted": 0.58,
    "weightedAverageShsOut": 1224137931,
    "weightedAverageShsOutDil": 1232000000,
    "link": "https://www.sec.gov/Archives/edgar/data/2488/000000248821000116/0000002488-21-000116-index.htm",
    "finalLink": "https://www.sec.gov/Archives/edgar/data/2488/000000248821000116/amd-20210626.htm"
  },
  {
    "date": "2021-03-27",
    "symbol": "AMD",
    "reportedCurrency": "USD",
    "cik": "0000002488",
    "fillingDate": "2021-04-28",
    "acceptedDate": "2021-04-28 16:39:55",
    "calendarYear": "2021",
    "period": "Q1",
    "revenue": 3445000000,
    "costOfRevenue": 1858000000,
    "grossProfit": 1587000000,
    "grossProfitRatio": 0.4606676343,
    "researchAndDevelopmentExpenses": 610000000,
    "generalAndAdministrativeExpenses": 0,
    "sellingAndMarketingExpenses": 0,
    "sellingGeneralAndAdministrativeExpenses": 319000000,
    "otherExpenses": 0,
    "operatingExpenses": 934000000,
    "costAndExpenses": 2792000000,
    "interestIncome": 9000000,
    "interestExpense": 9000000,
    "depreciationAndAmortization": 95000000,
    "ebitda": 758000000,
    "ebitdaratio": 0.2197387518,
    "operatingIncome": 662000000,
    "operatingIncomeRatio": 0.1921625544,
    "totalOtherIncomeExpensesNet": -20000000,
    "incomeBeforeTax": 642000000,
    "incomeBeforeTaxRatio": 0.1863570392,
    "incomeTaxExpense": 89000000,
    "netIncome": 555000000,
    "netIncomeRatio": 0.1611030479,
    "eps": 0.46,
    "epsdiluted": 0.45,
    "weightedAverageShsOut": 1233333333,
    "weightedAverageShsOutDil": 1231000000,
    "link": "https://www.sec.gov/Archives/edgar/data/2488/000000248821000056/0000002488-21-000056-index.htm",
    "finalLink": "https://www.sec.gov/Archives/edgar/data/2488/000000248821000056/amd-20210327.htm"
  },
  {
    "date": "2020-12-26",
    "symbol": "AMD",
    "reportedCurrency": "USD",
    "cik": "0000002488",
    "fillingDate": "2021-01-29",
    "acceptedDate": "2021-01-29 17:24:00",
    "calendarYear": "2020",
    "period": "Q4",
    "revenue": 3244000000,
    "costOfRevenue": 1793000000,
    "grossProfit": 1451000000,
    "grossProfitRatio": 0.4472872996,
    "researchAndDevelopmentExpenses": 573000000,
    "generalAndAdministrativeExpenses": 0,
    "sellingAndMarketingExpenses": 314000000,
    "sellingGeneralAndAdministrativeExpenses": 308000000,
    "otherExpenses": 0,
    "operatingExpenses": 901000000,
    "costAndExpenses": 2694000000,
    "interestIncome": 1000000,
    "interestExpense": 2000000,
    "depreciationAndAmortization": 90000000,
    "ebitda": 656000000,
    "ebitdaratio": 0.2034525277,
    "operatingIncome": 570000000,
    "operatingIncomeRatio": 0.1757090012,
    "totalOtherIncomeExpensesNet": -24000000,
    "incomeBeforeTax": 546000000,
    "incomeBeforeTaxRatio": 0.1683107275,
    "incomeTaxExpense": -1232000000,
    "netIncome": 1781000000,
    "netIncomeRatio": 0.5490135635,
    "eps": 1.48,
    "epsdiluted": 1.45,
    "weightedAverageShsOut": 1228069207,
    "weightedAverageShsOutDil": 1226000000,
    "link": "https://www.sec.gov/Archives/edgar/data/2488/000162828021001185/0001628280-21-001185-index.htm",
    "finalLink": "https://www.sec.gov/Archives/edgar/data/2488/000162828021001185/amd-20201226.htm"
  },
  {
    "date": "2020-09-26",
    "symbol": "AMD",
    "reportedCurrency": "USD",
    "cik": "0000002488",
    "fillingDate": "2020-10-28",
    "acceptedDate": "2020-10-28 16:59:17",
    "calendarYear": "2020",
    "period": "Q3",
    "revenue": 2801000000,
    "costOfRevenue": 1571000000,
    "grossProfit": 1230000000,
    "grossProfitRatio": 0.4391288825,
    "researchAndDevelopmentExpenses": 508000000,
    "generalAndAdministrativeExpenses": 0,
    "sellingAndMarketingExpenses": 0,
    "sellingGeneralAndAdministrativeExpenses": 273000000,
    "otherExpenses": 0,
    "operatingExpenses": 817000000,
    "costAndExpenses": 2388000000,
    "interestIncome": 11000000,
    "interestExpense": 11000000,
    "depreciationAndAmortization": 82000000,
    "ebitda": 505000000,
    "ebitdaratio": 0.1895751517,
    "operatingIncome": 449000000,
    "operatingIncomeRatio": 0.1602998929,
    "totalOtherIncomeExpensesNet": -48000000,
    "incomeBeforeTax": 401000000,
    "incomeBeforeTaxRatio": 0.143163156,
    "incomeTaxExpense": 12000000,
    "netIncome": 390000000,
    "netIncomeRatio": 0.1392359871,
    "eps": 0.33,
    "epsdiluted": 0.32,
    "weightedAverageShsOut": 1211895217,
    "weightedAverageShsOutDil": 1215000000,
    "link": "https://www.sec.gov/Archives/edgar/data/2488/000000248820000164/0000002488-20-000164-index.htm",
    "finalLink": "https://www.sec.gov/Archives/edgar/data/2488/000000248820000164/amd-20200926.htm"
  },
  {
    "date": "2020-06-27",
    "symbol": "AMD",
    "reportedCurrency": "USD",
    "cik": "0000002488",
    "fillingDate": "2020-07-29",
    "acceptedDate": "2020-07-29 16:52:29",
    "calendarYear": "2020",
    "period": "Q2",
    "revenue": 1932000000,
    "costOfRevenue": 1084000000,
    "grossProfit": 848000000,
    "grossProfitRatio": 0.4389233954,
    "researchAndDevelopmentExpenses": 460000000,
    "generalAndAdministrativeExpenses": 0,
    "sellingAndMarketingExpenses": 0,
    "sellingGeneralAndAdministrativeExpenses": 215000000,
    "otherExpenses": 0,
    "operatingExpenses": 673000000,
    "costAndExpenses": 1757000000,
    "interestIncome": 14000000,
    "interestExpense": 14000000,
    "depreciationAndAmortization": 72000000,
    "ebitda": 256000000,
    "ebitdaratio": 0.1268115942,
    "operatingIncome": 173000000,
    "operatingIncomeRatio": 0.0895445135,
    "totalOtherIncomeExpensesNet": -13000000,
    "incomeBeforeTax": 160000000,
    "incomeBeforeTaxRatio": 0.082815735,
    "incomeTaxExpense": 4000000,
    "netIncome": 157000000,
    "netIncomeRatio": 0.08126294,
    "eps": 0.13,
    "epsdiluted": 0.13,
    "weightedAverageShsOut": 1203996963,
    "weightedAverageShsOutDil": 1227000000,
    "link": "https://www.sec.gov/Archives/edgar/data/2488/000000248820000103/0000002488-20-000103-index.htm",
    "finalLink": "https://www.sec.gov/Archives/edgar/data/2488/000000248820000103/amd-20200627.htm"
  },
  {
    "date": "2020-03-28",
    "symbol": "AMD",
    "reportedCurrency": "USD",
    "cik": "0000002488",
    "fillingDate": "2020-04-29",
    "acceptedDate": "2020-04-29 16:33:04",
    "calendarYear": "2020",
    "period": "Q1",
    "revenue": 1786000000,
    "costOfRevenue": 968000000,
    "grossProfit": 818000000,
    "grossProfitRatio": 0.4580067189,
    "researchAndDevelopmentExpenses": 442000000,
    "generalAndAdministrativeExpenses": 0,
    "sellingAndMarketingExpenses": 0,
    "sellingGeneralAndAdministrativeExpenses": 199000000,
    "otherExpenses": 0,
    "operatingExpenses": 637000000,
    "costAndExpenses": 1605000000,
    "interestIncome": 13000000,
    "interestExpense": 13000000,
    "depreciationAndAmortization": 68000000,
    "ebitda": 259000000,
    "ebitdaratio": 0.1371780515,
    "operatingIncome": 177000000,
    "operatingIncomeRatio": 0.0991041433,
    "totalOtherIncomeExpensesNet": -9000000,
    "incomeBeforeTax": 168000000,
    "incomeBeforeTaxRatio": 0.0940649496,
    "incomeTaxExpense": 6000000,
    "netIncome": 162000000,
    "netIncomeRatio": 0.0907054871,
    "eps": 0.14,
    "epsdiluted": 0.14,
    "weightedAverageShsOut": 1194514083,
    "weightedAverageShsOutDil": 1224000000,
    "link": "https://www.sec.gov/Archives/edgar/data/2488/000000248820000051/0000002488-20-000051-index.htm",
    "finalLink": "https://www.sec.gov/Archives/edgar/data/2488/000000248820000051/amdq1fy2010q.htm"
  },
  {
    "date": "2019-12-28",
    "symbol": "AMD",
    "reportedCurrency": "USD",
    "cik": "0000002488",
    "fillingDate": "2020-02-04",
    "acceptedDate": "2020-02-04 17:21:47",
    "calendarYear": "2019",
    "period": "Q4",
    "revenue": 2127000000,
    "costOfRevenue": 1178000000,
    "grossProfit": 949000000,
    "grossProfitRatio": 0.4461683122,
    "researchAndDevelopmentExpenses": 395000000,
    "generalAndAdministrativeExpenses": 0,
    "sellingAndMarketingExpenses": 217000000,
    "sellingGeneralAndAdministrativeExpenses": 206000000,
    "otherExpenses": 0,
    "operatingExpenses": 741000000,
    "costAndExpenses": 1919000000,
    "interestIncome": 3000000,
    "interestExpense": 6000000,
    "depreciationAndAmortization": 64000000,
    "ebitda": 296000000,
    "ebitdaratio": 0.193700047,
    "operatingIncome": 348000000,
    "operatingIncomeRatio": 0.1636107193,
    "totalOtherIncomeExpensesNet": -143000000,
    "incomeBeforeTax": 205000000,
    "incomeBeforeTaxRatio": 0.0963798778,
    "incomeTaxExpense": 35000000,
    "netIncome": 170000000,
    "netIncomeRatio": 0.0799247767,
    "eps": 0.15,
    "epsdiluted": 0.15,
    "weightedAverageShsOut": 1188354129,
    "weightedAverageShsOutDil": 1188000000,
    "link": "https://www.sec.gov/Archives/edgar/data/2488/000000248820000008/0000002488-20-000008-index.htm",
    "finalLink": "https://www.sec.gov/Archives/edgar/data/2488/000000248820000008/amdform10-kfy2019.htm"
  },
  {
    "date": "2019-09-28",
    "symbol": "AMD",
    "reportedCurrency": "USD",
    "cik": "0000002488",
    "fillingDate": "2019-10-30",
    "acceptedDate": "2019-10-30 16:17:03",
    "calendarYear": "2019",
    "period": "Q3",
    "revenue": 1801000000,
    "costOfRevenue": 1024000000,
    "grossProfit": 777000000,
    "grossProfitRatio": 0.431426985,
    "researchAndDevelopmentExpenses": 406000000,
    "generalAndAdministrativeExpenses": 0,
    "sellingAndMarketingExpenses": 0,
    "sellingGeneralAndAdministrativeExpenses": 185000000,
    "otherExpenses": 0,
    "operatingExpenses": 626000000,
    "costAndExpenses": 1650000000,
    "interestIncome": 24000000,
    "interestExpense": 24000000,
    "depreciationAndAmortization": 60000000,
    "ebitda": 219000000,
    "ebitdaratio": 0.1365907829,
    "operatingIncome": 186000000,
    "operatingIncomeRatio": 0.1032759578,
    "totalOtherIncomeExpensesNet": -60000000,
    "incomeBeforeTax": 126000000,
    "incomeBeforeTaxRatio": 0.0699611327,
    "incomeTaxExpense": 7000000,
    "netIncome": 120000000,
    "netIncomeRatio": 0.0666296502,
    "eps": 0.11,
    "epsdiluted": 0.11,
    "weightedAverageShsOut": 1097002440,
    "weightedAverageShsOutDil": 1117000000,
    "link": "https://www.sec.gov/Archives/edgar/data/2488/000000248819000159/0000002488-19-000159-index.htm",
    "finalLink": "https://www.sec.gov/Archives/edgar/data/2488/000000248819000159/amd0928201910q.htm"
  },
  {
    "date": "2019-06-29",
    "symbol": "AMD",
    "reportedCurrency": "USD",
    "cik": "0000002488",
    "fillingDate": "2019-07-31",
    "acceptedDate": "2019-07-31 16:27:08",
    "calendarYear": "2019",
    "period": "Q2",
    "revenue": 1531000000,
    "costOfRevenue": 910000000,
    "grossProfit": 621000000,
    "grossProfitRatio": 0.4056172436,
    "researchAndDevelopmentExpenses": 373000000,
    "generalAndAdministrativeExpenses": 0,
    "sellingAndMarketingExpenses": 0,
    "sellingGeneralAndAdministrativeExpenses": 189000000,
    "otherExpenses": 0,
    "operatingExpenses": 559000000,
    "costAndExpenses": 1469000000,
    "interestIncome": 25000000,
    "interestExpense": 25000000,
    "depreciationAndAmortization": 52000000,
    "ebitda": 132000000,
    "ebitdaratio": 0.0725016329,
    "operatingIncome": 59000000,
    "operatingIncomeRatio": 0.038536904,
    "totalOtherIncomeExpensesNet": -22000000,
    "incomeBeforeTax": 37000000,
    "incomeBeforeTaxRatio": 0.024167211,
    "incomeTaxExpense": 2000000,
    "netIncome": 35000000,
    "netIncomeRatio": 0.0228608752,
    "eps": 0.03,
    "epsdiluted": 0.03,
    "weightedAverageShsOut": 1166666666,
    "weightedAverageShsOutDil": 1109000000,
    "link": "https://www.sec.gov/Archives/edgar/data/2488/000000248819000104/0000002488-19-000104-index.htm",
    "finalLink": "https://www.sec.gov/Archives/edgar/data/2488/000000248819000104/amd0629201910q.htm"
  },
  {
    "date": "2019-03-30",
    "symbol": "AMD",
    "reportedCurrency": "USD",
    "cik": "0000002488",
    "fillingDate": "2019-05-01",
    "acceptedDate": "2019-05-01 16:36:40",
    "calendarYear": "2019",
    "period": "Q1",
    "revenue": 1272000000,
    "costOfRevenue": 751000000,
    "grossProfit": 521000000,
    "grossProfitRatio": 0.409591195,
    "researchAndDevelopmentExpenses": 373000000,
    "generalAndAdministrativeExpenses": 0,
    "sellingAndMarketingExpenses": 0,
    "sellingGeneralAndAdministrativeExpenses": 170000000,
    "otherExpenses": 0,
    "operatingExpenses": 491000000,
    "costAndExpenses": 1242000000,
    "interestIncome": 27000000,
    "interestExpense": 27000000,
    "depreciationAndAmortization": 46000000,
    "ebitda": 77000000,
    "ebitdaratio": 0.0660377358,
    "operatingIncome": 38000000,
    "operatingIncomeRatio": 0.0298742138,
    "totalOtherIncomeExpensesNet": -34000000,
    "incomeBeforeTax": 4000000,
    "incomeBeforeTaxRatio": 0.0031446541,
    "incomeTaxExpense": -13000000,
    "netIncome": 16000000,
    "netIncomeRatio": 0.0125786164,
    "eps": 0.01,
    "epsdiluted": 0.01,
    "weightedAverageShsOut": 1600000000,
    "weightedAverageShsOutDil": 1094000000,
    "link": "https://www.sec.gov/Archives/edgar/data/2488/000000248819000045/0000002488-19-000045-index.htm",
    "finalLink": "https://www.sec.gov/Archives/edgar/data/2488/000000248819000045/amd0330201910q.htm"
  },
  {
    "date": "2018-12-29",
    "symbol": "AMD",
    "reportedCurrency": "USD",
    "cik": "0000002488",
    "fillingDate": "2019-02-08",
    "acceptedDate": "2019-02-08 16:44:26",
    "calendarYear": "2018",
    "period": "Q4",
    "revenue": 1419000000,
    "costOfRevenue": 837000000,
    "grossProfit": 582000000,
    "grossProfitRatio": 0.4101479915,
    "researchAndDevelopmentExpenses": 371000000,
    "generalAndAdministrativeExpenses": 0,
    "sellingAndMarketingExpenses": 176000000,
    "sellingGeneralAndAdministrativeExpenses": 138000000,
    "otherExpenses": 0,
    "operatingExpenses": 568000000,
    "costAndExpenses": 1405000000,
    "interestIncome": 11000000,
    "interestExpense": 29000000,
    "depreciationAndAmortization": 43000000,
    "ebitda": 75000000,
    "ebitdaratio": 0.0817477097,
    "operatingIncome": 73000000,
    "operatingIncomeRatio": 0.0514446794,
    "totalOtherIncomeExpensesNet": -25000000,
    "incomeBeforeTax": 3000000,
    "incomeBeforeTaxRatio": 0.0021141649,
    "incomeTaxExpense": -35000000,
    "netIncome": 38000000,
    "netIncomeRatio": 0.0267794221,
    "eps": 0.04,
    "epsdiluted": 0.04,
    "weightedAverageShsOut": 1002004008,
    "weightedAverageShsOutDil": 1079000000,
    "link": "https://www.sec.gov/Archives/edgar/data/2488/000000248819000011/0000002488-19-000011-index.htm",
    "finalLink": "https://www.sec.gov/Archives/edgar/data/2488/000000248819000011/amd-12292018x10k.htm"
  },
  {
    "date": "2018-09-29",
    "symbol": "AMD",
    "reportedCurrency": "USD",
    "cik": "0000002488",
    "fillingDate": "2018-10-31",
    "acceptedDate": "2018-10-31 16:15:18",
    "calendarYear": "2018",
    "period": "Q3",
    "revenue": 1653000000,
    "costOfRevenue": 992000000,
    "grossProfit": 661000000,
    "grossProfitRatio": 0.3998790079,
    "researchAndDevelopmentExpenses": 363000000,
    "generalAndAdministrativeExpenses": 0,
    "sellingAndMarketingExpenses": 0,
    "sellingGeneralAndAdministrativeExpenses": 148000000,
    "otherExpenses": 0,
    "operatingExpenses": 517000000,
    "costAndExpenses": 1509000000,
    "interestIncome": 30000000,
    "interestExpense": 30000000,
    "depreciationAndAmortization": 41000000,
    "ebitda": 185000000,
    "ebitdaratio": 0.1155474894,
    "operatingIncome": 150000000,
    "operatingIncomeRatio": 0.0907441016,
    "totalOtherIncomeExpensesNet": -36000000,
    "incomeBeforeTax": 114000000,
    "incomeBeforeTaxRatio": 0.0689655172,
    "incomeTaxExpense": 12000000,
    "netIncome": 102000000,
    "netIncomeRatio": 0.0617059891,
    "eps": 0.1,
    "epsdiluted": 0.09,
    "weightedAverageShsOut": 1133333333,
    "weightedAverageShsOutDil": 1076000000,
    "link": "https://www.sec.gov/Archives/edgar/data/2488/000000248818000189/0000002488-18-000189-index.htm",
    "finalLink": "https://www.sec.gov/Archives/edgar/data/2488/000000248818000189/amd0929201810q.htm"
  },
  {
    "date": "2018-06-30",
    "symbol": "AMD",
    "reportedCurrency": "USD",
    "cik": "0000002488",
    "fillingDate": "2018-08-02",
    "acceptedDate": "2018-08-02 16:28:52",
    "calendarYear": "2018",
    "period": "Q2",
    "revenue": 1756000000,
    "costOfRevenue": 1104000000,
    "grossProfit": 652000000,
    "grossProfitRatio": 0.3712984055,
    "researchAndDevelopmentExpenses": 357000000,
    "generalAndAdministrativeExpenses": 0,
    "sellingAndMarketingExpenses": 0,
    "sellingGeneralAndAdministrativeExpenses": 142000000,
    "otherExpenses": 0,
    "operatingExpenses": 499000000,
    "costAndExpenses": 1603000000,
    "interestIncome": 31000000,
    "interestExpense": 31000000,
    "depreciationAndAmortization": 42000000,
    "ebitda": 196000000,
    "ebitdaratio": 0.111047836,
    "operatingIncome": 153000000,
    "operatingIncomeRatio": 0.0871298405,
    "totalOtherIncomeExpensesNet": -30000000,
    "incomeBeforeTax": 123000000,
    "incomeBeforeTaxRatio": 0.0700455581,
    "incomeTaxExpense": 6000000,
    "netIncome": 116000000,
    "netIncomeRatio": 0.0660592255,
    "eps": 0.12,
    "epsdiluted": 0.11,
    "weightedAverageShsOut": 1047659474,
    "weightedAverageShsOutDil": 1147000000,
    "link": "https://www.sec.gov/Archives/edgar/data/2488/000000248818000128/0000002488-18-000128-index.htm",
    "finalLink": "https://www.sec.gov/Archives/edgar/data/2488/000000248818000128/amd0630201810q.htm"
  },
  {
    "date": "2018-03-31",
    "symbol": "AMD",
    "reportedCurrency": "USD",
    "cik": "0000002488",
    "fillingDate": "2018-05-03",
    "acceptedDate": "2018-05-03 16:45:08",
    "calendarYear": "2018",
    "period": "Q1",
    "revenue": 1647000000,
    "costOfRevenue": 1050000000,
    "grossProfit": 597000000,
    "grossProfitRatio": 0.3624772313,
    "researchAndDevelopmentExpenses": 343000000,
    "generalAndAdministrativeExpenses": 0,
    "sellingAndMarketingExpenses": 0,
    "sellingGeneralAndAdministrativeExpenses": 134000000,
    "otherExpenses": 0,
    "operatingExpenses": 477000000,
    "costAndExpenses": 1527000000,
    "interestIncome": 31000000,
    "interestExpense": 31000000,
    "depreciationAndAmortization": 44000000,
    "ebitda": 165000000,
    "ebitdaratio": 0.0995749848,
    "operatingIncome": 120000000,
    "operatingIncomeRatio": 0.072859745,
    "totalOtherIncomeExpensesNet": -30000000,
    "incomeBeforeTax": 90000000,
    "incomeBeforeTaxRatio": 0.0546448087,
    "incomeTaxExpense": 8000000,
    "netIncome": 81000000,
    "netIncomeRatio": 0.0491803279,
    "eps": 0.08,
    "epsdiluted": 0.08,
    "weightedAverageShsOut": 1012500000,
    "weightedAverageShsOutDil": 1039000000,
    "link": "https://www.sec.gov/Archives/edgar/data/2488/000000248818000068/0000002488-18-000068-index.htm",
    "finalLink": "https://www.sec.gov/Archives/edgar/data/2488/000000248818000068/amd0331201810q.htm"
  },
  {
    "date": "2017-12-30",
    "symbol": "AMD",
    "reportedCurrency": "USD",
    "cik": "0000002488",
    "fillingDate": "2018-02-27",
    "acceptedDate": "2018-02-27 16:18:58",
    "calendarYear": "2017",
    "period": "Q4",
    "revenue": 1340000000,
    "costOfRevenue": 888000000,
    "grossProfit": 452000000,
    "grossProfitRatio": 0.3373134328,
    "researchAndDevelopmentExpenses": 320000000,
    "generalAndAdministrativeExpenses": 0,
    "sellingAndMarketingExpenses": 156000000,
    "sellingGeneralAndAdministrativeExpenses": 134000000,
    "otherExpenses": 0,
    "operatingExpenses": 458000000,
    "costAndExpenses": 1346000000,
    "interestIncome": 25000000,
    "interestExpense": 31000000,
    "depreciationAndAmortization": 39000000,
    "ebitda": 123000000,
    "ebitdaratio": 0.0276119403,
    "operatingIncome": -2000000,
    "operatingIncomeRatio": -0.0014925373,
    "totalOtherIncomeExpensesNet": -29000000,
    "incomeBeforeTax": 53000000,
    "incomeBeforeTaxRatio": 0.0358108108,
    "incomeTaxExpense": -8000000,
    "netIncome": 61000000,
    "netIncomeRatio": -0.0141791045,
    "eps": 0.06,
    "epsdiluted": 0.06,
    "weightedAverageShsOut": 965005840,
    "weightedAverageShsOutDil": 1037000000,
    "link": "https://www.sec.gov/Archives/edgar/data/2488/000000248818000042/0000002488-18-000042-index.htm",
    "finalLink": "https://www.sec.gov/Archives/edgar/data/2488/000000248818000042/amd-12302017x10k.htm"
  },
  {
    "date": "2017-09-30",
    "symbol": "AMD",
    "reportedCurrency": "USD",
    "cik": "0000002488",
    "fillingDate": "2017-11-02",
    "acceptedDate": "2017-11-02 17:00:49",
    "calendarYear": "2017",
    "period": "Q3",
    "revenue": 1584000000,
    "costOfRevenue": 1013000000,
    "grossProfit": 571000000,
    "grossProfitRatio": 0.360479798,
    "researchAndDevelopmentExpenses": 320000000,
    "generalAndAdministrativeExpenses": 0,
    "sellingAndMarketingExpenses": 0,
    "sellingGeneralAndAdministrativeExpenses": 132000000,
    "otherExpenses": 0,
    "operatingExpenses": 457000000,
    "costAndExpenses": 1470000000,
    "interestIncome": 31000000,
    "interestExpense": 31000000,
    "depreciationAndAmortization": 36000000,
    "ebitda": 159000000,
    "ebitdaratio": 0.0978535354,
    "operatingIncome": 119000000,
    "operatingIncomeRatio": 0.0751262626,
    "totalOtherIncomeExpensesNet": -34000000,
    "incomeBeforeTax": 85000000,
    "incomeBeforeTaxRatio": 0.0536616162,
    "incomeTaxExpense": 22000000,
    "netIncome": 61000000,
    "netIncomeRatio": 0.038510101,
    "eps": 0.07,
    "epsdiluted": 0.07,
    "weightedAverageShsOut": 1016666666,
    "weightedAverageShsOutDil": 1042000000,
    "link": "https://www.sec.gov/Archives/edgar/data/2488/000000248817000227/0000002488-17-000227-index.htm",
    "finalLink": "https://www.sec.gov/Archives/edgar/data/2488/000000248817000227/amd0930201710q.htm"
  },
  {
    "date": "2017-07-01",
    "symbol": "AMD",
    "reportedCurrency": "USD",
    "cik": "0000002488",
    "fillingDate": "2017-08-03",
    "acceptedDate": "2017-08-03 16:43:29",
    "calendarYear": "2017",
    "period": "Q2",
    "revenue": 1151000000,
    "costOfRevenue": 765000000,
    "grossProfit": 386000000,
    "grossProfitRatio": 0.335360556,
    "researchAndDevelopmentExpenses": 285000000,
    "generalAndAdministrativeExpenses": 0,
    "sellingAndMarketingExpenses": 0,
    "sellingGeneralAndAdministrativeExpenses": 127000000,
    "otherExpenses": 0,
    "operatingExpenses": 393000000,
    "costAndExpenses": 1158000000,
    "interestIncome": 32000000,
    "interestExpense": 32000000,
    "depreciationAndAmortization": 35000000,
    "ebitda": 34000000,
    "ebitdaratio": 0.0295395308,
    "operatingIncome": -1000000,
    "operatingIncomeRatio": -0.0008688097,
    "totalOtherIncomeExpensesNet": -38000000,
    "incomeBeforeTax": -36000000,
    "incomeBeforeTaxRatio": -0.0312771503,
    "incomeTaxExpense": 3000000,
    "netIncome": -42000000,
    "netIncomeRatio": -0.0364900087,
    "eps": -0.02,
    "epsdiluted": -0.02,
    "weightedAverageShsOut": 945009450,
    "weightedAverageShsOutDil": 945000000,
    "link": "https://www.sec.gov/Archives/edgar/data/2488/000000248817000156/0000002488-17-000156-index.htm",
    "finalLink": "https://www.sec.gov/Archives/edgar/data/2488/000000248817000156/amd0701201710q.htm"
  },
  {
    "date": "2017-04-01",
    "symbol": "AMD",
    "reportedCurrency": "USD",
    "cik": "0000002488",
    "fillingDate": "2017-05-08",
    "acceptedDate": "2017-05-08 16:35:05",
    "calendarYear": "2017",
    "period": "Q1",
    "revenue": 1178000000,
    "costOfRevenue": 800000000,
    "grossProfit": 378000000,
    "grossProfitRatio": 0.3208828523,
    "researchAndDevelopmentExpenses": 271000000,
    "generalAndAdministrativeExpenses": 0,
    "sellingAndMarketingExpenses": 0,
    "sellingGeneralAndAdministrativeExpenses": 123000000,
    "otherExpenses": 0,
    "operatingExpenses": 374000000,
    "costAndExpenses": 1174000000,
    "interestIncome": 32000000,
    "interestExpense": 32000000,
    "depreciationAndAmortization": 34000000,
    "ebitda": 40000000,
    "ebitdaratio": 0.0382003396,
    "operatingIncome": 11000000,
    "operatingIncomeRatio": 0.0093378608,
    "totalOtherIncomeExpensesNet": -39000000,
    "incomeBeforeTax": -26000000,
    "incomeBeforeTaxRatio": -0.0220713073,
    "incomeTaxExpense": 5000000,
    "netIncome": -33000000,
    "netIncomeRatio": -0.0280135823,
    "eps": -0.08,
    "epsdiluted": -0.08,
    "weightedAverageShsOut": 825000000,
    "weightedAverageShsOutDil": 939000000,
    "link": "https://www.sec.gov/Archives/edgar/data/2488/000000248817000107/0000002488-17-000107-index.htm",
    "finalLink": "https://www.sec.gov/Archives/edgar/data/2488/000000248817000107/amd0401201710q.htm"
  },
  {
    "date": "2016-12-31",
    "symbol": "AMD",
    "reportedCurrency": "USD",
    "cik": "0000002488",
    "fillingDate": "2017-02-21",
    "acceptedDate": "2017-02-21 16:52:14",
    "calendarYear": "2016",
    "period": "Q4",
    "revenue": 1106000000,
    "costOfRevenue": 1095000000,
    "grossProfit": 11000000,
    "grossProfitRatio": 0.0099457505,
    "researchAndDevelopmentExpenses": 264000000,
    "generalAndAdministrativeExpenses": 0,
    "sellingAndMarketingExpenses": 131000000,
    "sellingGeneralAndAdministrativeExpenses": 121000000,
    "otherExpenses": 0,
    "operatingExpenses": 25000000,
    "costAndExpenses": 1120000000,
    "interestIncome": 32000000,
    "interestExpense": 34000000,
    "depreciationAndAmortization": 34000000,
    "ebitda": 24000000,
    "ebitdaratio": -0.2793851718,
    "operatingIncome": -343000000,
    "operatingIncomeRatio": -0.3101265823,
    "totalOtherIncomeExpensesNet": -41000000,
    "incomeBeforeTax": -44000000,
    "incomeBeforeTaxRatio": -0.0397830018,
    "incomeTaxExpense": 5000000,
    "netIncome": -51000000,
    "netIncomeRatio": -0.0461121157,
    "eps": -0.06,
    "epsdiluted": -0.06,
    "weightedAverageShsOut": 905443312,
    "weightedAverageShsOutDil": 931000000,
    "link": "https://www.sec.gov/Archives/edgar/data/2488/000000248817000043/0000002488-17-000043-index.htm",
    "finalLink": "https://www.sec.gov/Archives/edgar/data/2488/000000248817000043/amd-12312016x10k.htm"
  },
  {
    "date": "2016-09-24",
    "symbol": "AMD",
    "reportedCurrency": "USD",
    "cik": "0000002488",
    "fillingDate": "2016-10-26",
    "acceptedDate": "2016-10-26 17:15:05",
    "calendarYear": "2016",
    "period": "Q3",
    "revenue": 1307000000,
    "costOfRevenue": 908000000,
    "grossProfit": 399000000,
    "grossProfitRatio": 0.3052792655,
    "researchAndDevelopmentExpenses": 259000000,
    "generalAndAdministrativeExpenses": 0,
    "sellingAndMarketingExpenses": 0,
    "sellingGeneralAndAdministrativeExpenses": 117000000,
    "otherExpenses": 0,
    "operatingExpenses": 760000000,
    "costAndExpenses": 1668000000,
    "interestIncome": 41000000,
    "interestExpense": 41000000,
    "depreciationAndAmortization": 33000000,
    "ebitda": -323000000,
    "ebitdaratio": 0.0612088753,
    "operatingIncome": 47000000,
    "operatingIncomeRatio": 0.0359602142,
    "totalOtherIncomeExpensesNet": -104000000,
    "incomeBeforeTax": -397000000,
    "incomeBeforeTaxRatio": -0.3037490436,
    "incomeTaxExpense": 4000000,
    "netIncome": -406000000,
    "netIncomeRatio": -0.3106350421,
    "eps": -0.5,
    "epsdiluted": -0.5,
    "weightedAverageShsOut": 812000000,
    "weightedAverageShsOutDil": 815000000,
    "link": "https://www.sec.gov/Archives/edgar/data/2488/000000248816000263/0000002488-16-000263-index.htm",
    "finalLink": "https://www.sec.gov/Archives/edgar/data/2488/000000248816000263/amd0924201610q.htm"
  },
  {
    "date": "2016-06-25",
    "symbol": "AMD",
    "reportedCurrency": "USD",
    "cik": "0000002488",
    "fillingDate": "2016-07-26",
    "acceptedDate": "2016-07-25 18:22:04",
    "calendarYear": "2016",
    "period": "Q2",
    "revenue": 1027000000,
    "costOfRevenue": 708000000,
    "grossProfit": 319000000,
    "grossProfitRatio": 0.3106134372,
    "researchAndDevelopmentExpenses": 243000000,
    "generalAndAdministrativeExpenses": 0,
    "sellingAndMarketingExpenses": 0,
    "sellingGeneralAndAdministrativeExpenses": 117000000,
    "otherExpenses": 0,
    "operatingExpenses": 180000000,
    "costAndExpenses": 888000000,
    "interestIncome": 41000000,
    "interestExpense": 41000000,
    "depreciationAndAmortization": 33000000,
    "ebitda": 18000000,
    "ebitdaratio": 0.017526777,
    "operatingIncome": -15000000,
    "operatingIncomeRatio": -0.0146056475,
    "totalOtherIncomeExpensesNet": 116000000,
    "incomeBeforeTax": 101000000,
    "incomeBeforeTaxRatio": 0.0983446933,
    "incomeTaxExpense": 29000000,
    "netIncome": 69000000,
    "netIncomeRatio": 0.0671859786,
    "eps": 0.09,
    "epsdiluted": 0.08,
    "weightedAverageShsOut": 862500000,
    "weightedAverageShsOutDil": 821000000,
    "link": "https://www.sec.gov/Archives/edgar/data/2488/000000248816000213/0000002488-16-000213-index.htm",
    "finalLink": "https://www.sec.gov/Archives/edgar/data/2488/000000248816000213/amd0625201610q.htm"
  },
  {
    "date": "2016-03-26",
    "symbol": "AMD",
    "reportedCurrency": "USD",
    "cik": "0000002488",
    "fillingDate": "2016-04-28",
    "acceptedDate": "2016-04-28 16:23:25",
    "calendarYear": "2016",
    "period": "Q1",
    "revenue": 832000000,
    "costOfRevenue": 563000000,
    "grossProfit": 269000000,
    "grossProfitRatio": 0.3233173077,
    "researchAndDevelopmentExpenses": 242000000,
    "generalAndAdministrativeExpenses": 0,
    "sellingAndMarketingExpenses": 0,
    "sellingGeneralAndAdministrativeExpenses": 105000000,
    "otherExpenses": 0,
    "operatingExpenses": 337000000,
    "costAndExpenses": 900000000,
    "interestIncome": 40000000,
    "interestExpense": 40000000,
    "depreciationAndAmortization": 33000000,
    "ebitda": -38000000,
    "ebitdaratio": -0.0456730769,
    "operatingIncome": -71000000,
    "operatingIncomeRatio": -0.0853365385,
    "totalOtherIncomeExpensesNet": -37000000,
    "incomeBeforeTax": -108000000,
    "incomeBeforeTaxRatio": -0.1298076923,
    "incomeTaxExpense": 1000000,
    "netIncome": -109000000,
    "netIncomeRatio": -0.1310096154,
    "eps": -0.14,
    "epsdiluted": -0.14,
    "weightedAverageShsOut": 778571428,
    "weightedAverageShsOutDil": 793000000,
    "link": "https://www.sec.gov/Archives/edgar/data/2488/000000248816000124/0000002488-16-000124-index.htm",
    "finalLink": "https://www.sec.gov/Archives/edgar/data/2488/000000248816000124/amd0326201610q.htm"
  },
  {
    "date": "2015-12-26",
    "symbol": "AMD",
    "reportedCurrency": "USD",
    "cik": "0000002488",
    "fillingDate": "2016-02-18",
    "acceptedDate": "2016-02-18 16:19:58",
    "calendarYear": "2015",
    "period": "Q4",
    "revenue": 958000000,
    "costOfRevenue": 675000000,
    "grossProfit": 283000000,
    "grossProfitRatio": 0.2954070981,
    "researchAndDevelopmentExpenses": 229000000,
    "generalAndAdministrativeExpenses": 0,
    "sellingAndMarketingExpenses": 154000000,
    "sellingGeneralAndAdministrativeExpenses": 109000000,
    "otherExpenses": 0,
    "operatingExpenses": 334000000,
    "costAndExpenses": 1009000000,
    "interestIncome": 41000000,
    "interestExpense": 41000000,
    "depreciationAndAmortization": 31000000,
    "ebitda": -17000000,
    "ebitdaratio": -0.0250521921,
    "operatingIncome": -55000000,
    "operatingIncomeRatio": -0.0574112735,
    "totalOtherIncomeExpensesNet": -37000000,
    "incomeBeforeTax": -92000000,
    "incomeBeforeTaxRatio": -0.0960334029,
    "incomeTaxExpense": 10000000,
    "netIncome": -102000000,
    "netIncomeRatio": -0.1064718163,
    "eps": -0.13,
    "epsdiluted": -0.13,
    "weightedAverageShsOut": 791004265,
    "weightedAverageShsOutDil": 791000000,
    "link": "https://www.sec.gov/Archives/edgar/data/2488/000000248816000111/0000002488-16-000111-index.htm",
    "finalLink": "https://www.sec.gov/Archives/edgar/data/2488/000000248816000111/amd-12262015x10k.htm"
  },
  {
    "date": "2015-09-26",
    "symbol": "AMD",
    "reportedCurrency": "USD",
    "cik": "0000002488",
    "fillingDate": "2015-11-03",
    "acceptedDate": "2015-11-03 16:35:22",
    "calendarYear": "2015",
    "period": "Q3",
    "revenue": 1061000000,
    "costOfRevenue": 822000000,
    "grossProfit": 239000000,
    "grossProfitRatio": 0.2252591894,
    "researchAndDevelopmentExpenses": 241000000,
    "generalAndAdministrativeExpenses": 0,
    "sellingAndMarketingExpenses": 0,
    "sellingGeneralAndAdministrativeExpenses": 108000000,
    "otherExpenses": 0,
    "operatingExpenses": 397000000,
    "costAndExpenses": 1219000000,
    "interestIncome": 39000000,
    "interestExpense": 39000000,
    "depreciationAndAmortization": 42000000,
    "ebitda": -116000000,
    "ebitdaratio": -0.0640904807,
    "operatingIncome": -110000000,
    "operatingIncomeRatio": -0.1036757776,
    "totalOtherIncomeExpensesNet": -39000000,
    "incomeBeforeTax": -197000000,
    "incomeBeforeTaxRatio": -0.1856738926,
    "incomeTaxExpense": 0,
    "netIncome": -197000000,
    "netIncomeRatio": -0.1856738926,
    "eps": -0.25,
    "epsdiluted": -0.25,
    "weightedAverageShsOut": 785001295,
    "weightedAverageShsOutDil": 785000000,
    "link": "https://www.sec.gov/Archives/edgar/data/2488/000000248815000067/0000002488-15-000067-index.htm",
    "finalLink": "https://www.sec.gov/Archives/edgar/data/2488/000000248815000067/amd0926201510q.htm"
  },
  {
    "date": "2015-06-27",
    "symbol": "AMD",
    "reportedCurrency": "USD",
    "cik": "0000002488",
    "fillingDate": "2015-07-30",
    "acceptedDate": "2015-07-30 16:55:47",
    "calendarYear": "2015",
    "period": "Q2",
    "revenue": 942000000,
    "costOfRevenue": 710000000,
    "grossProfit": 232000000,
    "grossProfitRatio": 0.2462845011,
    "researchAndDevelopmentExpenses": 235000000,
    "generalAndAdministrativeExpenses": 0,
    "sellingAndMarketingExpenses": 0,
    "sellingGeneralAndAdministrativeExpenses": 134000000,
    "otherExpenses": 0,
    "operatingExpenses": 372000000,
    "costAndExpenses": 1082000000,
    "interestIncome": 40000000,
    "interestExpense": 40000000,
    "depreciationAndAmortization": 45000000,
    "ebitda": -92000000,
    "ebitdaratio": -0.0976645435,
    "operatingIncome": -137000000,
    "operatingIncomeRatio": -0.1454352442,
    "totalOtherIncomeExpensesNet": -43000000,
    "incomeBeforeTax": -180000000,
    "incomeBeforeTaxRatio": -0.1910828025,
    "incomeTaxExpense": 1000000,
    "netIncome": -181000000,
    "netIncomeRatio": -0.1921443737,
    "eps": -0.23,
    "epsdiluted": -0.23,
    "weightedAverageShsOut": 778002725,
    "weightedAverageShsOutDil": 778000000,
    "link": "https://www.sec.gov/Archives/edgar/data/2488/000162828015005620/0001628280-15-005620-index.htm",
    "finalLink": "https://www.sec.gov/Archives/edgar/data/2488/000162828015005620/amd0627201510q.htm"
  },
  {
    "date": "2015-03-28",
    "symbol": "AMD",
    "reportedCurrency": "USD",
    "cik": "0000002488",
    "fillingDate": "2015-04-29",
    "acceptedDate": "2015-04-29 16:55:05",
    "calendarYear": "2015",
    "period": "Q1",
    "revenue": 1030000000,
    "costOfRevenue": 704000000,
    "grossProfit": 326000000,
    "grossProfitRatio": 0.3165048544,
    "researchAndDevelopmentExpenses": 242000000,
    "generalAndAdministrativeExpenses": 0,
    "sellingAndMarketingExpenses": 0,
    "sellingGeneralAndAdministrativeExpenses": 131000000,
    "otherExpenses": 0,
    "operatingExpenses": 463000000,
    "costAndExpenses": 1167000000,
    "interestIncome": 40000000,
    "interestExpense": 40000000,
    "depreciationAndAmortization": 46000000,
    "ebitda": -91000000,
    "ebitdaratio": -0.0038834951,
    "operatingIncome": -50000000,
    "operatingIncomeRatio": -0.0485436893,
    "totalOtherIncomeExpensesNet": -40000000,
    "incomeBeforeTax": -177000000,
    "incomeBeforeTaxRatio": -0.1718446602,
    "incomeTaxExpense": 3000000,
    "netIncome": -180000000,
    "netIncomeRatio": -0.1747572816,
    "eps": -0.23,
    "epsdiluted": -0.23,
    "weightedAverageShsOut": 777000777,
    "weightedAverageShsOutDil": 777000000,
    "link": "https://www.sec.gov/Archives/edgar/data/2488/000119312515156842/0001193125-15-156842-index.htm",
    "finalLink": "https://www.sec.gov/Archives/edgar/data/2488/000119312515156842/d914071d10q.htm"
  },
  {
    "date": "2014-12-27",
    "symbol": "AMD",
    "reportedCurrency": "USD",
    "cik": "0000002488",
    "fillingDate": "2015-02-19",
    "acceptedDate": "2015-02-19 17:08:48",
    "calendarYear": "2014",
    "period": "Q4",
    "revenue": 1239000000,
    "costOfRevenue": 879000000,
    "grossProfit": 360000000,
    "grossProfitRatio": 0.2905569007,
    "researchAndDevelopmentExpenses": 238000000,
    "generalAndAdministrativeExpenses": 0,
    "sellingAndMarketingExpenses": 194000000,
    "sellingGeneralAndAdministrativeExpenses": 144000000,
    "otherExpenses": 0,
    "operatingExpenses": 689000000,
    "costAndExpenses": 1568000000,
    "interestIncome": 38000000,
    "interestExpense": 41000000,
    "depreciationAndAmortization": 35000000,
    "ebitda": -278000000,
    "ebitdaratio": 0.0072639225,
    "operatingIncome": -26000000,
    "operatingIncomeRatio": -0.0209846651,
    "totalOtherIncomeExpensesNet": -37000000,
    "incomeBeforeTax": -367000000,
    "incomeBeforeTaxRatio": -0.2962066182,
    "incomeTaxExpense": -3000000,
    "netIncome": -364000000,
    "netIncomeRatio": -0.2937853107,
    "eps": -0.47,
    "epsdiluted": -0.47,
    "weightedAverageShsOut": 765922347,
    "weightedAverageShsOutDil": 776000000,
    "link": "https://www.sec.gov/Archives/edgar/data/2488/000119312515054362/0001193125-15-054362-index.htm",
    "finalLink": "https://www.sec.gov/Archives/edgar/data/2488/000119312515054362/d871455d10k.htm"
  },
  {
    "date": "2014-09-27",
    "symbol": "AMD",
    "reportedCurrency": "USD",
    "cik": "0000002488",
    "fillingDate": "2014-10-30",
    "acceptedDate": "2014-10-30 16:23:21",
    "calendarYear": "2014",
    "period": "Q3",
    "revenue": 1429000000,
    "costOfRevenue": 935000000,
    "grossProfit": 494000000,
    "grossProfitRatio": 0.3456962911,
    "researchAndDevelopmentExpenses": 278000000,
    "generalAndAdministrativeExpenses": 0,
    "sellingAndMarketingExpenses": 0,
    "sellingGeneralAndAdministrativeExpenses": 150000000,
    "otherExpenses": 0,
    "operatingExpenses": 432000000,
    "costAndExpenses": 1367000000,
    "interestIncome": 43000000,
    "interestExpense": 43000000,
    "depreciationAndAmortization": 49000000,
    "ebitda": 111000000,
    "ebitdaratio": 0.0783764871,
    "operatingIncome": 63000000,
    "operatingIncomeRatio": 0.044086774,
    "totalOtherIncomeExpensesNet": -44000000,
    "incomeBeforeTax": 19000000,
    "incomeBeforeTaxRatio": 0.0132960112,
    "incomeTaxExpense": 2000000,
    "netIncome": 17000000,
    "netIncomeRatio": 0.0118964311,
    "eps": 0.02,
    "epsdiluted": 0.02,
    "weightedAverageShsOut": 850000000,
    "weightedAverageShsOutDil": 785000000,
    "link": "https://www.sec.gov/Archives/edgar/data/2488/000119312514389701/0001193125-14-389701-index.htm",
    "finalLink": "https://www.sec.gov/Archives/edgar/data/2488/000119312514389701/d809825d10q.htm"
  },
  {
    "date": "2014-06-28",
    "symbol": "AMD",
    "reportedCurrency": "USD",
    "cik": "0000002488",
    "fillingDate": "2014-07-31",
    "acceptedDate": "2014-07-31 16:40:31",
    "calendarYear": "2014",
    "period": "Q2",
    "revenue": 1441000000,
    "costOfRevenue": 943000000,
    "grossProfit": 498000000,
    "grossProfitRatio": 0.345593338,
    "researchAndDevelopmentExpenses": 277000000,
    "generalAndAdministrativeExpenses": 0,
    "sellingAndMarketingExpenses": 0,
    "sellingGeneralAndAdministrativeExpenses": 154000000,
    "otherExpenses": 0,
    "operatingExpenses": 484000000,
    "costAndExpenses": 1427000000,
    "interestIncome": 46000000,
    "interestExpense": 46000000,
    "depreciationAndAmortization": 53000000,
    "ebitda": 116000000,
    "ebitdaratio": 0.080499653,
    "operatingIncome": 63000000,
    "operatingIncomeRatio": 0.0437196391,
    "totalOtherIncomeExpensesNet": -95000000,
    "incomeBeforeTax": -32000000,
    "incomeBeforeTaxRatio": -0.0222068008,
    "incomeTaxExpense": 4000000,
    "netIncome": -36000000,
    "netIncomeRatio": -0.0249826509,
    "eps": -0.05,
    "epsdiluted": -0.05,
    "weightedAverageShsOut": 720000000,
    "weightedAverageShsOutDil": 764000000,
    "link": "https://www.sec.gov/Archives/edgar/data/2488/000119312514289796/0001193125-14-289796-index.htm",
    "finalLink": "https://www.sec.gov/Archives/edgar/data/2488/000119312514289796/d763314d10q.htm"
  },
  {
    "date": "2014-03-29",
    "symbol": "AMD",
    "reportedCurrency": "USD",
    "cik": "0000002488",
    "fillingDate": "2014-05-01",
    "acceptedDate": "2014-05-01 16:41:28",
    "calendarYear": "2014",
    "period": "Q1",
    "revenue": 1397000000,
    "costOfRevenue": 910000000,
    "grossProfit": 487000000,
    "grossProfitRatio": 0.3486041518,
    "researchAndDevelopmentExpenses": 279000000,
    "generalAndAdministrativeExpenses": 0,
    "sellingAndMarketingExpenses": 0,
    "sellingGeneralAndAdministrativeExpenses": 151000000,
    "otherExpenses": 0,
    "operatingExpenses": 459000000,
    "costAndExpenses": 1369000000,
    "interestIncome": 46000000,
    "interestExpense": 47000000,
    "depreciationAndAmortization": 53000000,
    "ebitda": 116000000,
    "ebitdaratio": 0.0830350752,
    "operatingIncome": 63000000,
    "operatingIncomeRatio": 0.0450966356,
    "totalOtherIncomeExpensesNet": -67000000,
    "incomeBeforeTax": -18000000,
    "incomeBeforeTaxRatio": -0.012884753,
    "incomeTaxExpense": 2000000,
    "netIncome": -20000000,
    "netIncomeRatio": -0.0143163923,
    "eps": -0.03,
    "epsdiluted": -0.03,
    "weightedAverageShsOut": 666666666,
    "weightedAverageShsOutDil": 761000000,
    "link": "https://www.sec.gov/Archives/edgar/data/2488/000119312514177314/0001193125-14-177314-index.htm",
    "finalLink": "https://www.sec.gov/Archives/edgar/data/2488/000119312514177314/d714367d10q.htm"
  },
  {
    "date": "2013-12-28",
    "symbol": "AMD",
    "reportedCurrency": "USD",
    "cik": "0000002488",
    "fillingDate": "2014-02-18",
    "acceptedDate": "2014-02-18 16:56:49",
    "calendarYear": "2013",
    "period": "Q4",
    "revenue": 1589000000,
    "costOfRevenue": 1036000000,
    "grossProfit": 553000000,
    "grossProfitRatio": 0.3480176211,
    "researchAndDevelopmentExpenses": 293000000,
    "generalAndAdministrativeExpenses": 0,
    "sellingAndMarketingExpenses": 210000000,
    "sellingGeneralAndAdministrativeExpenses": 169000000,
    "otherExpenses": 0,
    "operatingExpenses": 420000000,
    "costAndExpenses": 1456000000,
    "interestIncome": 43000000,
    "interestExpense": 44000000,
    "depreciationAndAmortization": 41000000,
    "ebitda": 128000000,
    "ebitdaratio": 0.0805538074,
    "operatingIncome": 87000000,
    "operatingIncomeRatio": 0.054751416,
    "totalOtherIncomeExpensesNet": -45000000,
    "incomeBeforeTax": 90000000,
    "incomeBeforeTaxRatio": 0.0566393958,
    "incomeTaxExpense": 1000000,
    "netIncome": 89000000,
    "netIncomeRatio": 0.0560100692,
    "eps": 0.12,
    "epsdiluted": 0.12,
    "weightedAverageShsOut": 759003573,
    "weightedAverageShsOutDil": 766000000,
    "link": "https://www.sec.gov/Archives/edgar/data/2488/000119312514057240/0001193125-14-057240-index.htm",
    "finalLink": "https://www.sec.gov/Archives/edgar/data/2488/000119312514057240/d674550d10k.htm"
  },
  {
    "date": "2013-09-28",
    "symbol": "AMD",
    "reportedCurrency": "USD",
    "cik": "0000002488",
    "fillingDate": "2013-10-30",
    "acceptedDate": "2013-10-30 17:31:32",
    "calendarYear": "2013",
    "period": "Q3",
    "revenue": 1461000000,
    "costOfRevenue": 940000000,
    "grossProfit": 521000000,
    "grossProfitRatio": 0.356605065,
    "researchAndDevelopmentExpenses": 288000000,
    "generalAndAdministrativeExpenses": 0,
    "sellingAndMarketingExpenses": 0,
    "sellingGeneralAndAdministrativeExpenses": 155000000,
    "otherExpenses": 0,
    "operatingExpenses": 424000000,
    "costAndExpenses": 1364000000,
    "interestIncome": 46000000,
    "interestExpense": 47000000,
    "depreciationAndAmortization": 57000000,
    "ebitda": 155000000,
    "ebitdaratio": 0.0889801506,
    "operatingIncome": 73000000,
    "operatingIncomeRatio": 0.0499657769,
    "totalOtherIncomeExpensesNet": -44000000,
    "incomeBeforeTax": 51000000,
    "incomeBeforeTaxRatio": 0.0349075975,
    "incomeTaxExpense": 3000000,
    "netIncome": 48000000,
    "netIncomeRatio": 0.0328542094,
    "eps": 0.06,
    "epsdiluted": 0.06,
    "weightedAverageShsOut": 800000000,
    "weightedAverageShsOutDil": 764000000,
    "link": "https://www.sec.gov/Archives/edgar/data/2488/000119312513418892/0001193125-13-418892-index.htm",
    "finalLink": "https://www.sec.gov/Archives/edgar/data/2488/000119312513418892/d616608d10q.htm"
  },
  {
    "date": "2013-06-29",
    "symbol": "AMD",
    "reportedCurrency": "USD",
    "cik": "0000002488",
    "fillingDate": "2013-08-01",
    "acceptedDate": "2013-08-01 17:10:34",
    "calendarYear": "2013",
    "period": "Q2",
    "revenue": 1161000000,
    "costOfRevenue": 702000000,
    "grossProfit": 459000000,
    "grossProfitRatio": 0.3953488372,
    "researchAndDevelopmentExpenses": 308000000,
    "generalAndAdministrativeExpenses": 0,
    "sellingAndMarketingExpenses": 0,
    "sellingGeneralAndAdministrativeExpenses": 171000000,
    "otherExpenses": 0,
    "operatingExpenses": 490000000,
    "costAndExpenses": 1192000000,
    "interestIncome": 40000000,
    "interestExpense": 42000000,
    "depreciationAndAmortization": 59000000,
    "ebitda": 30000000,
    "ebitdaratio": 0.0301464255,
    "operatingIncome": -24000000,
    "operatingIncomeRatio": -0.0206718346,
    "totalOtherIncomeExpensesNet": -42000000,
    "incomeBeforeTax": -71000000,
    "incomeBeforeTaxRatio": -0.0611541774,
    "incomeTaxExpense": 3000000,
    "netIncome": -74000000,
    "netIncomeRatio": -0.0637381568,
    "eps": -0.1,
    "epsdiluted": -0.1,
    "weightedAverageShsOut": 740000000,
    "weightedAverageShsOutDil": 752000000,
    "link": "https://www.sec.gov/Archives/edgar/data/2488/000119312513315281/0001193125-13-315281-index.htm",
    "finalLink": "https://www.sec.gov/Archives/edgar/data/2488/000119312513315281/d573303d10q.htm"
  },
  {
    "date": "2013-03-31",
    "symbol": "AMD",
    "reportedCurrency": "USD",
    "cik": "0000002488",
    "fillingDate": "2013-05-06",
    "acceptedDate": "2013-05-06 16:18:25",
    "calendarYear": "2013",
    "period": "Q1",
    "revenue": 1088000000,
    "costOfRevenue": 643000000,
    "grossProfit": 445000000,
    "grossProfitRatio": 0.4090073529,
    "researchAndDevelopmentExpenses": 312000000,
    "generalAndAdministrativeExpenses": 0,
    "sellingAndMarketingExpenses": 0,
    "sellingGeneralAndAdministrativeExpenses": 179000000,
    "otherExpenses": 0,
    "operatingExpenses": 546000000,
    "costAndExpenses": 1189000000,
    "interestIncome": 43000000,
    "interestExpense": 44000000,
    "depreciationAndAmortization": 66000000,
    "ebitda": -46000000,
    "ebitdaratio": 0.0137867647,
    "operatingIncome": -51000000,
    "operatingIncomeRatio": -0.046875,
    "totalOtherIncomeExpensesNet": -46000000,
    "incomeBeforeTax": -144000000,
    "incomeBeforeTaxRatio": -0.1323529412,
    "incomeTaxExpense": 2000000,
    "netIncome": -146000000,
    "netIncomeRatio": -0.1341911765,
    "eps": -0.19,
    "epsdiluted": -0.19,
    "weightedAverageShsOut": 749002185,
    "weightedAverageShsOutDil": 749000000,
    "link": "https://www.sec.gov/Archives/edgar/data/2488/000119312513201635/0001193125-13-201635-index.htm",
    "finalLink": "https://www.sec.gov/Archives/edgar/data/2488/000119312513201635/d528331d10q.htm"
  },
  {
    "date": "2012-12-29",
    "symbol": "AMD",
    "reportedCurrency": "USD",
    "cik": "0000002488",
    "fillingDate": "2013-02-21",
    "acceptedDate": "2013-02-21 16:44:05",
    "calendarYear": "2012",
    "period": "Q4",
    "revenue": 1155000000,
    "costOfRevenue": 977000000,
    "grossProfit": 178000000,
    "grossProfitRatio": 0.1541125541,
    "researchAndDevelopmentExpenses": 313000000,
    "generalAndAdministrativeExpenses": 0,
    "sellingAndMarketingExpenses": 287000000,
    "sellingGeneralAndAdministrativeExpenses": 187000000,
    "otherExpenses": 0,
    "operatingExpenses": 604000000,
    "costAndExpenses": 1581000000,
    "interestIncome": 43000000,
    "interestExpense": 45000000,
    "depreciationAndAmortization": 57000000,
    "ebitda": -358000000,
    "ebitdaratio": -0.2337662338,
    "operatingIncome": -327000000,
    "operatingIncomeRatio": -0.2831168831,
    "totalOtherIncomeExpensesNet": -142000000,
    "incomeBeforeTax": -469000000,
    "incomeBeforeTaxRatio": -0.4060606061,
    "incomeTaxExpense": 4000000,
    "netIncome": -473000000,
    "netIncomeRatio": -0.4095238095,
    "eps": -0.63,
    "epsdiluted": -0.63,
    "weightedAverageShsOut": 742043427,
    "weightedAverageShsOutDil": 747000000,
    "link": "https://www.sec.gov/Archives/edgar/data/2488/000119312513069422/0001193125-13-069422-index.htm",
    "finalLink": "https://www.sec.gov/Archives/edgar/data/2488/000119312513069422/d486815d10k.htm"
  },
  {
    "date": "2012-09-29",
    "symbol": "AMD",
    "reportedCurrency": "USD",
    "cik": "0000002488",
    "fillingDate": "2012-11-01",
    "acceptedDate": "2012-11-01 16:32:22",
    "calendarYear": "2012",
    "period": "Q3",
    "revenue": 1269000000,
    "costOfRevenue": 877000000,
    "grossProfit": 392000000,
    "grossProfitRatio": 0.3089046493,
    "researchAndDevelopmentExpenses": 328000000,
    "generalAndAdministrativeExpenses": 0,
    "sellingAndMarketingExpenses": 0,
    "sellingGeneralAndAdministrativeExpenses": 188000000,
    "otherExpenses": 0,
    "operatingExpenses": 507000000,
    "costAndExpenses": 370000000,
    "interestIncome": 2000000,
    "interestExpense": 42000000,
    "depreciationAndAmortization": 66000000,
    "ebitda": -62000000,
    "ebitdaratio": -0.048857368,
    "operatingIncome": -128000000,
    "operatingIncomeRatio": -0.1008668243,
    "totalOtherIncomeExpensesNet": -26000000,
    "incomeBeforeTax": -157000000,
    "incomeBeforeTaxRatio": -0.1237194641,
    "incomeTaxExpense": 0,
    "netIncome": -157000000,
    "netIncomeRatio": -0.1237194641,
    "eps": -0.21,
    "epsdiluted": -0.21,
    "weightedAverageShsOut": 745000901,
    "weightedAverageShsOutDil": 745000000,
    "link": "https://www.sec.gov/Archives/edgar/data/2488/000119312512446647/0001193125-12-446647-index.htm",
    "finalLink": "https://www.sec.gov/Archives/edgar/data/2488/000119312512446647/d430047d10q.htm"
  },
  {
    "date": "2012-06-30",
    "symbol": "AMD",
    "reportedCurrency": "USD",
    "cik": "0000002488",
    "fillingDate": "2012-08-02",
    "acceptedDate": "2012-08-02 16:47:15",
    "calendarYear": "2012",
    "period": "Q2",
    "revenue": 1413000000,
    "costOfRevenue": 775000000,
    "grossProfit": 638000000,
    "grossProfitRatio": 0.4515215853,
    "researchAndDevelopmentExpenses": 345000000,
    "generalAndAdministrativeExpenses": 0,
    "sellingAndMarketingExpenses": 0,
    "sellingGeneralAndAdministrativeExpenses": 212000000,
    "otherExpenses": 4000000,
    "operatingExpenses": 561000000,
    "costAndExpenses": 1336000000,
    "interestIncome": 2000000,
    "interestExpense": 43000000,
    "depreciationAndAmortization": 65000000,
    "ebitda": 139000000,
    "ebitdaratio": 0.101910828,
    "operatingIncome": 77000000,
    "operatingIncomeRatio": 0.0544939844,
    "totalOtherIncomeExpensesNet": -46000000,
    "incomeBeforeTax": 31000000,
    "incomeBeforeTaxRatio": 0.0219391366,
    "incomeTaxExpense": -6000000,
    "netIncome": 37000000,
    "netIncomeRatio": 0.0261854211,
    "eps": 0.05,
    "epsdiluted": 0.05,
    "weightedAverageShsOut": 739000000,
    "weightedAverageShsOutDil": 755000000,
    "link": "https://www.sec.gov/Archives/edgar/data/2488/000119312512332074/0001193125-12-332074-index.htm",
    "finalLink": "https://www.sec.gov/Archives/edgar/data/2488/000119312512332074/d386402d10q.htm"
  },
  {
    "date": "2012-03-31",
    "symbol": "AMD",
    "reportedCurrency": "USD",
    "cik": "0000002488",
    "fillingDate": "2012-05-09",
    "acceptedDate": "2012-05-09 16:14:05",
    "calendarYear": "2012",
    "period": "Q1",
    "revenue": 1585000000,
    "costOfRevenue": 1558000000,
    "grossProfit": 27000000,
    "grossProfitRatio": 0.0170347003,
    "researchAndDevelopmentExpenses": 368000000,
    "generalAndAdministrativeExpenses": 0,
    "sellingAndMarketingExpenses": 0,
    "sellingGeneralAndAdministrativeExpenses": 230000000,
    "otherExpenses": 1000000,
    "operatingExpenses": 599000000,
    "costAndExpenses": 2157000000,
    "interestIncome": 2000000,
    "interestExpense": 43000000,
    "depreciationAndAmortization": 63000000,
    "ebitda": -516000000,
    "ebitdaratio": -0.319873817,
    "operatingIncome": -580000000,
    "operatingIncomeRatio": -0.3659305994,
    "totalOtherIncomeExpensesNet": -42000000,
    "incomeBeforeTax": -622000000,
    "incomeBeforeTaxRatio": -0.3924290221,
    "incomeTaxExpense": -32000000,
    "netIncome": -590000000,
    "netIncomeRatio": -0.3722397476,
    "eps": -0.8,
    "epsdiluted": -0.8,
    "weightedAverageShsOut": 734000000,
    "weightedAverageShsOutDil": 734000000,
    "link": "https://www.sec.gov/Archives/edgar/data/2488/000119312512222047/0001193125-12-222047-index.htm",
    "finalLink": "https://www.sec.gov/Archives/edgar/data/2488/000119312512222047/d312884d10q.htm"
  },
  {
    "date": "2011-12-31",
    "symbol": "AMD",
    "reportedCurrency": "USD",
    "cik": "0000002488",
    "fillingDate": "2012-02-24",
    "acceptedDate": "2012-02-23 19:04:58",
    "calendarYear": "2011",
    "period": "Q4",
    "revenue": 1691000000,
    "costOfRevenue": 918000000,
    "grossProfit": 773000000,
    "grossProfitRatio": 0.457125961,
    "researchAndDevelopmentExpenses": 358000000,
    "generalAndAdministrativeExpenses": 0,
    "sellingAndMarketingExpenses": 0,
    "sellingGeneralAndAdministrativeExpenses": 243000000,
    "otherExpenses": 3000000,
    "operatingExpenses": 604000000,
    "costAndExpenses": 1522000000,
    "interestIncome": 2000000,
    "interestExpense": 43000000,
    "depreciationAndAmortization": 70000000,
    "ebitda": -64000000,
    "ebitdaratio": 0.1425192194,
    "operatingIncome": 71000000,
    "operatingIncomeRatio": 0.0419869899,
    "totalOtherIncomeExpensesNet": -248000000,
    "incomeBeforeTax": -177000000,
    "incomeBeforeTaxRatio": -0.1046717918,
    "incomeTaxExpense": -4000000,
    "netIncome": -177000000,
    "netIncomeRatio": -0.1046717918,
    "eps": 0,
    "epsdiluted": 0,
    "weightedAverageShsOut": 733000000,
    "weightedAverageShsOutDil": 734000000,
    "link": "https://www.sec.gov/Archives/edgar/data/2488/000119312512075837/0001193125-12-075837-index.htm",
    "finalLink": "https://www.sec.gov/Archives/edgar/data/2488/000119312512075837/d257108d10k.htm"
  },
  {
    "date": "2011-10-01",
    "symbol": "AMD",
    "reportedCurrency": "USD",
    "cik": "0000002488",
    "fillingDate": "2011-11-09",
    "acceptedDate": "2011-11-09 17:20:11",
    "calendarYear": "2011",
    "period": "Q3",
    "revenue": 1690000000,
    "costOfRevenue": 934000000,
    "grossProfit": 756000000,
    "grossProfitRatio": 0.4473372781,
    "researchAndDevelopmentExpenses": 361000000,
    "generalAndAdministrativeExpenses": 0,
    "sellingAndMarketingExpenses": 0,
    "sellingGeneralAndAdministrativeExpenses": 249000000,
    "otherExpenses": 8000000,
    "operatingExpenses": 618000000,
    "costAndExpenses": 1552000000,
    "interestIncome": 3000000,
    "interestExpense": 42000000,
    "depreciationAndAmortization": 79000000,
    "ebitda": 213000000,
    "ebitdaratio": 0.1301775148,
    "operatingIncome": 138000000,
    "operatingIncomeRatio": 0.0816568047,
    "totalOtherIncomeExpensesNet": -46000000,
    "incomeBeforeTax": 92000000,
    "incomeBeforeTaxRatio": 0.0544378698,
    "incomeTaxExpense": -5000000,
    "netIncome": 97000000,
    "netIncomeRatio": 0.0573964497,
    "eps": 0.13,
    "epsdiluted": 0.13,
    "weightedAverageShsOut": 729000000,
    "weightedAverageShsOutDil": 741000000,
    "link": "https://www.sec.gov/Archives/edgar/data/2488/000119312511304833/0001193125-11-304833-index.htm",
    "finalLink": "https://www.sec.gov/Archives/edgar/data/2488/000119312511304833/d226122d10q.htm"
  },
  {
    "date": "2011-07-02",
    "symbol": "AMD",
    "reportedCurrency": "USD",
    "cik": "0000002488",
    "fillingDate": "2011-08-10",
    "acceptedDate": "2011-08-10 16:47:26",
    "calendarYear": "2011",
    "period": "Q2",
    "revenue": 1574000000,
    "costOfRevenue": 854000000,
    "grossProfit": 720000000,
    "grossProfitRatio": 0.457433291,
    "researchAndDevelopmentExpenses": 367000000,
    "generalAndAdministrativeExpenses": 0,
    "sellingAndMarketingExpenses": 0,
    "sellingGeneralAndAdministrativeExpenses": 239000000,
    "otherExpenses": 9000000,
    "operatingExpenses": 615000000,
    "costAndExpenses": 1469000000,
    "interestIncome": 2000000,
    "interestExpense": 47000000,
    "depreciationAndAmortization": 80000000,
    "ebitda": 191000000,
    "ebitdaratio": 0.1188055909,
    "operatingIncome": 105000000,
    "operatingIncomeRatio": 0.0667090216,
    "totalOtherIncomeExpensesNet": -41000000,
    "incomeBeforeTax": 64000000,
    "incomeBeforeTaxRatio": 0.040660737,
    "incomeTaxExpense": 3000000,
    "netIncome": 61000000,
    "netIncomeRatio": 0.0387547649,
    "eps": 0.08,
    "epsdiluted": 0.08,
    "weightedAverageShsOut": 724000000,
    "weightedAverageShsOutDil": 743000000,
    "link": "https://www.sec.gov/Archives/edgar/data/2488/000119312511218202/0001193125-11-218202-index.htm",
    "finalLink": "https://www.sec.gov/Archives/edgar/data/2488/000119312511218202/d10q.htm"
  },
  {
    "date": "2011-04-02",
    "symbol": "AMD",
    "reportedCurrency": "USD",
    "cik": "0000002488",
    "fillingDate": "2011-05-10",
    "acceptedDate": "2011-05-10 17:24:39",
    "calendarYear": "2011",
    "period": "Q1",
    "revenue": 1613000000,
    "costOfRevenue": 922000000,
    "grossProfit": 691000000,
    "grossProfitRatio": 0.4283942963,
    "researchAndDevelopmentExpenses": 367000000,
    "generalAndAdministrativeExpenses": 0,
    "sellingAndMarketingExpenses": 0,
    "sellingGeneralAndAdministrativeExpenses": 261000000,
    "otherExpenses": 9000000,
    "operatingExpenses": 637000000,
    "costAndExpenses": 1559000000,
    "interestIncome": 3000000,
    "interestExpense": 48000000,
    "depreciationAndAmortization": 88000000,
    "ebitda": 156000000,
    "ebitdaratio": 0.0898946063,
    "operatingIncome": 54000000,
    "operatingIncomeRatio": 0.0334779913,
    "totalOtherIncomeExpensesNet": -34000000,
    "incomeBeforeTax": 20000000,
    "incomeBeforeTaxRatio": 0.012399256,
    "incomeTaxExpense": 2000000,
    "netIncome": 510000000,
    "netIncomeRatio": 0.3161810291,
    "eps": 0.71,
    "epsdiluted": 0.68,
    "weightedAverageShsOut": 720000000,
    "weightedAverageShsOutDil": 764000000,
    "link": "https://www.sec.gov/Archives/edgar/data/2488/000119312511134452/0001193125-11-134452-index.htm",
    "finalLink": "https://www.sec.gov/Archives/edgar/data/2488/000119312511134452/d10q.htm"
  },
  {
    "date": "2010-12-25",
    "symbol": "AMD",
    "reportedCurrency": "USD",
    "cik": "0000002488",
    "fillingDate": "2011-02-18",
    "acceptedDate": "2011-02-18 16:38:16",
    "calendarYear": "2010",
    "period": "Q4",
    "revenue": 1649000000,
    "costOfRevenue": 906000000,
    "grossProfit": 743000000,
    "grossProfitRatio": 0.4505761067,
    "researchAndDevelopmentExpenses": 352000000,
    "generalAndAdministrativeExpenses": 0,
    "sellingAndMarketingExpenses": 0,
    "sellingGeneralAndAdministrativeExpenses": 250000000,
    "otherExpenses": -276000000,
    "operatingExpenses": 326000000,
    "costAndExpenses": 1232000000,
    "interestIncome": 2000000,
    "interestExpense": 39000000,
    "depreciationAndAmortization": 89000000,
    "ebitda": 518000000,
    "ebitdaratio": 0.3080654942,
    "operatingIncome": 413000000,
    "operatingIncomeRatio": 0.2504548211,
    "totalOtherIncomeExpensesNet": -23000000,
    "incomeBeforeTax": 390000000,
    "incomeBeforeTaxRatio": 0.2365069739,
    "incomeTaxExpense": 42000000,
    "netIncome": 375000000,
    "netIncomeRatio": 0.2274105518,
    "eps": 0,
    "epsdiluted": 0,
    "weightedAverageShsOut": 720000000,
    "weightedAverageShsOutDil": 764000000,
    "link": "https://www.sec.gov/Archives/edgar/data/2488/000119312511040392/0001193125-11-040392-index.htm",
    "finalLink": "https://www.sec.gov/Archives/edgar/data/2488/000119312511040392/d10k.htm"
  },
  {
    "date": "2010-09-25",
    "symbol": "AMD",
    "reportedCurrency": "USD",
    "cik": "0000002488",
    "fillingDate": "2010-11-03",
    "acceptedDate": "2010-11-03 17:25:11",
    "calendarYear": "2010",
    "period": "Q3",
    "revenue": 1618000000,
    "costOfRevenue": 879000000,
    "grossProfit": 739000000,
    "grossProfitRatio": 0.456736712,
    "researchAndDevelopmentExpenses": 359000000,
    "generalAndAdministrativeExpenses": 0,
    "sellingAndMarketingExpenses": 0,
    "sellingGeneralAndAdministrativeExpenses": 236000000,
    "otherExpenses": 16000000,
    "operatingExpenses": 611000000,
    "costAndExpenses": 1490000000,
    "interestIncome": 3000000,
    "interestExpense": 56000000,
    "depreciationAndAmortization": 95000000,
    "ebitda": 225000000,
    "ebitdaratio": 0.1390605686,
    "operatingIncome": 128000000,
    "operatingIncomeRatio": 0.0791100124,
    "totalOtherIncomeExpensesNet": -59000000,
    "incomeBeforeTax": 69000000,
    "incomeBeforeTaxRatio": 0.042645241,
    "incomeTaxExpense": 1000000,
    "netIncome": -118000000,
    "netIncomeRatio": -0.0729295426,
    "eps": -0.17,
    "epsdiluted": -0.17,
    "weightedAverageShsOut": 713000000,
    "weightedAverageShsOutDil": 713000000,
    "link": "https://www.sec.gov/Archives/edgar/data/2488/000119312510246357/0001193125-10-246357-index.htm",
    "finalLink": "https://www.sec.gov/Archives/edgar/data/2488/000119312510246357/d10q.htm"
  },
  {
    "date": "2010-06-26",
    "symbol": "AMD",
    "reportedCurrency": "USD",
    "cik": "0000002488",
    "fillingDate": "2010-08-04",
    "acceptedDate": "2010-08-04 17:11:03",
    "calendarYear": "2010",
    "period": "Q2",
    "revenue": 1653000000,
    "costOfRevenue": 915000000,
    "grossProfit": 738000000,
    "grossProfitRatio": 0.44646098,
    "researchAndDevelopmentExpenses": 371000000,
    "generalAndAdministrativeExpenses": 0,
    "sellingAndMarketingExpenses": 0,
    "sellingGeneralAndAdministrativeExpenses": 229000000,
    "otherExpenses": 17000000,
    "operatingExpenses": 617000000,
    "costAndExpenses": 1532000000,
    "interestIncome": 3000000,
    "interestExpense": 55000000,
    "depreciationAndAmortization": 100000000,
    "ebitda": 227000000,
    "ebitdaratio": 0.1355111918,
    "operatingIncome": 125000000,
    "operatingIncomeRatio": 0.0756200847,
    "totalOtherIncomeExpensesNet": -53000000,
    "incomeBeforeTax": 72000000,
    "incomeBeforeTaxRatio": 0.0435571688,
    "incomeTaxExpense": -5000000,
    "netIncome": -43000000,
    "netIncomeRatio": -0.0260133091,
    "eps": -0.06,
    "epsdiluted": -0.06,
    "weightedAverageShsOut": 709000000,
    "weightedAverageShsOutDil": 709000000,
    "link": "https://www.sec.gov/Archives/edgar/data/2488/000119312510177386/0001193125-10-177386-index.htm",
    "finalLink": "https://www.sec.gov/Archives/edgar/data/2488/000119312510177386/d10q.htm"
  },
  {
    "date": "2010-03-27",
    "symbol": "AMD",
    "reportedCurrency": "USD",
    "cik": "0000002488",
    "fillingDate": "2010-05-04",
    "acceptedDate": "2010-05-04 17:14:57",
    "calendarYear": "2010",
    "period": "Q1",
    "revenue": 1574000000,
    "costOfRevenue": 833000000,
    "grossProfit": 741000000,
    "grossProfitRatio": 0.4707750953,
    "researchAndDevelopmentExpenses": 323000000,
    "generalAndAdministrativeExpenses": 0,
    "sellingAndMarketingExpenses": 0,
    "sellingGeneralAndAdministrativeExpenses": 219000000,
    "otherExpenses": 17000000,
    "operatingExpenses": 559000000,
    "costAndExpenses": 1392000000,
    "interestIncome": 3000000,
    "interestExpense": 49000000,
    "depreciationAndAmortization": 100000000,
    "ebitda": 589000000,
    "ebitdaratio": 0.1810673443,
    "operatingIncome": 182000000,
    "operatingIncomeRatio": 0.1156289708,
    "totalOtherIncomeExpensesNet": 258000000,
    "incomeBeforeTax": 440000000,
    "incomeBeforeTaxRatio": 0.2795425667,
    "incomeTaxExpense": 0,
    "netIncome": 257000000,
    "netIncomeRatio": 0.1632782719,
    "eps": 0.36,
    "epsdiluted": 0.35,
    "weightedAverageShsOut": 707000000,
    "weightedAverageShsOutDil": 754000000,
    "link": "https://www.sec.gov/Archives/edgar/data/2488/000119312510106750/0001193125-10-106750-index.htm",
    "finalLink": "https://www.sec.gov/Archives/edgar/data/2488/000119312510106750/d10q.htm"
  },
  {
    "date": "2009-12-26",
    "symbol": "AMD",
    "reportedCurrency": "USD",
    "cik": "0000002488",
    "fillingDate": "2010-02-19",
    "acceptedDate": "2010-02-19 16:16:09",
    "calendarYear": "2009",
    "period": "Q4",
    "revenue": 1646000000,
    "costOfRevenue": 911000000,
    "grossProfit": 735000000,
    "grossProfitRatio": 0.4465370595,
    "researchAndDevelopmentExpenses": 432000000,
    "generalAndAdministrativeExpenses": 0,
    "sellingAndMarketingExpenses": 0,
    "sellingGeneralAndAdministrativeExpenses": -1003000000,
    "otherExpenses": 18000000,
    "operatingExpenses": -553000000,
    "costAndExpenses": 358000000,
    "interestIncome": 3000000,
    "interestExpense": 119000000,
    "depreciationAndAmortization": 284000000,
    "ebitda": 1594000000,
    "ebitdaratio": 1.0577156744,
    "operatingIncome": 1288000000,
    "operatingIncomeRatio": 0.7825030377,
    "totalOtherIncomeExpensesNet": -97000000,
    "incomeBeforeTax": 1191000000,
    "incomeBeforeTaxRatio": 0.7235722965,
    "incomeTaxExpense": 11000000,
    "netIncome": 1200000000,
    "netIncomeRatio": 0.7290400972,
    "eps": 0,
    "epsdiluted": 0,
    "weightedAverageShsOut": 707000000,
    "weightedAverageShsOutDil": 754000000,
    "link": "https://www.sec.gov/Archives/edgar/data/2488/000119312510035218/0001193125-10-035218-index.htm",
    "finalLink": "https://www.sec.gov/Archives/edgar/data/2488/000119312510035218/d10k.htm"
  }
]