[
  {
    "date": "2024-08-03",
    "symbol": "MRVL",
    "reportedCurrency": "USD",
    "cik": "0001835632",
    "fillingDate": "2024-08-30",
    "acceptedDate": "2024-08-30 16:03:14",
    "calendarYear": "2025",
    "period": "Q2",
    "revenue": 1272900000,
    "costOfRevenue": 685300000,
    "grossProfit": 587600000,
    "grossProfitRatio": 0.4616230654,
    "researchAndDevelopmentExpenses": 486700000,
    "generalAndAdministrativeExpenses": 0,
    "sellingAndMarketingExpenses": 0,
    "sellingGeneralAndAdministrativeExpenses": 197300000,
    "otherExpenses": 0,
    "operatingExpenses": 684000000,
    "costAndExpenses": 1369300000,
    "interestIncome": 2600000,
    "interestExpense": 48400000,
    "depreciationAndAmortization": 352000000,
    "ebitda": 254200000,
    "ebitdaratio": 0.1997014691,
    "operatingIncome": -96400000,
    "operatingIncomeRatio": -0.0757325791,
    "totalOtherIncomeExpensesNet": -49800000,
    "incomeBeforeTax": -146200000,
    "incomeBeforeTaxRatio": -0.114855841,
    "incomeTaxExpense": 47100000,
    "netIncome": -193300000,
    "netIncomeRatio": -0.1518579621,
    "eps": -0.22,
    "epsdiluted": -0.22,
    "weightedAverageShsOut": 865700000,
    "weightedAverageShsOutDil": 865700000,
    "link": "https://www.sec.gov/Archives/edgar/data/1835632/000183563224000142/0001835632-24-000142-index.htm",
    "finalLink": "https://www.sec.gov/Archives/edgar/data/1835632/000183563224000142/mrvl-20240803.htm"
  },
  {
    "date": "2024-05-04",
    "symbol": "MRVL",
    "reportedCurrency": "USD",
    "cik": "0001835632",
    "fillingDate": "2024-05-31",
    "acceptedDate": "2024-05-31 16:02:15",
    "calendarYear": "2025",
    "period": "Q1",
    "revenue": 1160900000,
    "costOfRevenue": 633100000,
    "grossProfit": 527800000,
    "grossProfitRatio": 0.4546472564,
    "researchAndDevelopmentExpenses": 476100000,
    "generalAndAdministrativeExpenses": 0,
    "sellingAndMarketingExpenses": 0,
    "sellingGeneralAndAdministrativeExpenses": 199900000,
    "otherExpenses": 0,
    "operatingExpenses": 676000000,
    "costAndExpenses": 1309100000,
    "interestIncome": 3300000,
    "interestExpense": 48800000,
    "depreciationAndAmortization": 337500000,
    "ebitda": 188500000,
    "ebitdaratio": 0.1630631407,
    "operatingIncome": -148200000,
    "operatingIncomeRatio": -0.1276595745,
    "totalOtherIncomeExpensesNet": -49600000,
    "incomeBeforeTax": -197800000,
    "incomeBeforeTaxRatio": -0.1703850461,
    "incomeTaxExpense": 17800000,
    "netIncome": -215600000,
    "netIncomeRatio": -0.1857179774,
    "eps": -0.25,
    "epsdiluted": -0.25,
    "weightedAverageShsOut": 865000000,
    "weightedAverageShsOutDil": 865000000,
    "link": "https://www.sec.gov/Archives/edgar/data/1835632/000183563224000063/0001835632-24-000063-index.htm",
    "finalLink": "https://www.sec.gov/Archives/edgar/data/1835632/000183563224000063/mrvl-20240504.htm"
  },
  {
    "date": "2024-02-03",
    "symbol": "MRVL",
    "reportedCurrency": "USD",
    "cik": "0001835632",
    "fillingDate": "2024-03-13",
    "acceptedDate": "2024-03-13 16:04:10",
    "calendarYear": "2024",
    "period": "Q4",
    "revenue": 1426500000,
    "costOfRevenue": 762400000,
    "grossProfit": 664100000,
    "grossProfitRatio": 0.4655450403,
    "researchAndDevelopmentExpenses": 459600000,
    "generalAndAdministrativeExpenses": 0,
    "sellingAndMarketingExpenses": 0,
    "sellingGeneralAndAdministrativeExpenses": 212000000,
    "otherExpenses": -4400000,
    "operatingExpenses": 671600000,
    "costAndExpenses": 1434000000,
    "interestIncome": 3000000,
    "interestExpense": 52600000,
    "depreciationAndAmortization": 360100000,
    "ebitda": 325400000,
    "ebitdaratio": 0.2471784087,
    "operatingIncome": -7500000,
    "operatingIncomeRatio": -0.0052576236,
    "totalOtherIncomeExpensesNet": -79800000,
    "incomeBeforeTax": -87300000,
    "incomeBeforeTaxRatio": -0.0611987382,
    "incomeTaxExpense": 305400000,
    "netIncome": -392700000,
    "netIncomeRatio": -0.2752891693,
    "eps": -0.45,
    "epsdiluted": -0.45,
    "weightedAverageShsOut": 864700000,
    "weightedAverageShsOutDil": 864700000,
    "link": "https://www.sec.gov/Archives/edgar/data/1835632/000183563224000009/0001835632-24-000009-index.htm",
    "finalLink": "https://www.sec.gov/Archives/edgar/data/1835632/000183563224000009/mrvl-20240203.htm"
  },
  {
    "date": "2023-10-28",
    "symbol": "MRVL",
    "reportedCurrency": "USD",
    "cik": "0001835632",
    "fillingDate": "2023-12-01",
    "acceptedDate": "2023-12-01 16:04:19",
    "calendarYear": "2024",
    "period": "Q3",
    "revenue": 1418600000,
    "costOfRevenue": 867400000,
    "grossProfit": 551200000,
    "grossProfitRatio": 0.3885520936,
    "researchAndDevelopmentExpenses": 481100000,
    "generalAndAdministrativeExpenses": 0,
    "sellingAndMarketingExpenses": 0,
    "sellingGeneralAndAdministrativeExpenses": 213000000,
    "otherExpenses": 9700000,
    "operatingExpenses": 694100000,
    "costAndExpenses": 1561500000,
    "interestIncome": 1700000,
    "interestExpense": 52600000,
    "depreciationAndAmortization": 341900000,
    "ebitda": 207000000,
    "ebitdaratio": 0.1483152404,
    "operatingIncome": -146300000,
    "operatingIncomeRatio": -0.1031298463,
    "totalOtherIncomeExpensesNet": -41200000,
    "incomeBeforeTax": -187500000,
    "incomeBeforeTaxRatio": -0.1321725645,
    "incomeTaxExpense": -23200000,
    "netIncome": -164300000,
    "netIncomeRatio": -0.1158184125,
    "eps": -0.19,
    "epsdiluted": -0.19,
    "weightedAverageShsOut": 862600000,
    "weightedAverageShsOutDil": 862600000,
    "link": "https://www.sec.gov/Archives/edgar/data/1835632/000183563223000046/0001835632-23-000046-index.htm",
    "finalLink": "https://www.sec.gov/Archives/edgar/data/1835632/000183563223000046/mrvl-20231028.htm"
  },
  {
    "date": "2023-07-29",
    "symbol": "MRVL",
    "reportedCurrency": "USD",
    "cik": "0001835632",
    "fillingDate": "2023-08-25",
    "acceptedDate": "2023-08-25 16:03:08",
    "calendarYear": "2024",
    "period": "Q2",
    "revenue": 1340900000,
    "costOfRevenue": 819800000,
    "grossProfit": 521100000,
    "grossProfitRatio": 0.3886195839,
    "researchAndDevelopmentExpenses": 474800000,
    "generalAndAdministrativeExpenses": 0,
    "sellingAndMarketingExpenses": 0,
    "sellingGeneralAndAdministrativeExpenses": 210000000,
    "otherExpenses": 6300000,
    "operatingExpenses": 684800000,
    "costAndExpenses": 1504600000,
    "interestIncome": 1600000,
    "interestExpense": 53800000,
    "depreciationAndAmortization": 347300000,
    "ebitda": 149500000,
    "ebitdaratio": 0.1428145276,
    "operatingIncome": -205700000,
    "operatingIncomeRatio": -0.1534044299,
    "totalOtherIncomeExpensesNet": -45900000,
    "incomeBeforeTax": -251600000,
    "incomeBeforeTaxRatio": -0.1876351704,
    "incomeTaxExpense": -44100000,
    "netIncome": -207500000,
    "netIncomeRatio": -0.1547468118,
    "eps": -0.24,
    "epsdiluted": -0.24,
    "weightedAverageShsOut": 860900000,
    "weightedAverageShsOutDil": 860900000,
    "link": "https://www.sec.gov/Archives/edgar/data/1835632/000183563223000038/0001835632-23-000038-index.htm",
    "finalLink": "https://www.sec.gov/Archives/edgar/data/1835632/000183563223000038/mrvl-20230729.htm"
  },
  {
    "date": "2023-04-29",
    "symbol": "MRVL",
    "reportedCurrency": "USD",
    "cik": "0001835632",
    "fillingDate": "2023-05-26",
    "acceptedDate": "2023-05-26 16:03:08",
    "calendarYear": "2024",
    "period": "Q1",
    "revenue": 1321700000,
    "costOfRevenue": 764500000,
    "grossProfit": 557200000,
    "grossProfitRatio": 0.4215782704,
    "researchAndDevelopmentExpenses": 480700000,
    "generalAndAdministrativeExpenses": 0,
    "sellingAndMarketingExpenses": 0,
    "sellingGeneralAndAdministrativeExpenses": 199000000,
    "otherExpenses": 300000,
    "operatingExpenses": 679700000,
    "costAndExpenses": 1444200000,
    "interestIncome": 2500000,
    "interestExpense": 52700000,
    "depreciationAndAmortization": 348400000,
    "ebitda": 168800000,
    "ebitdaratio": 0.173034728,
    "operatingIncome": -119700000,
    "operatingIncomeRatio": -0.0905651812,
    "totalOtherIncomeExpensesNet": -109800000,
    "incomeBeforeTax": -232300000,
    "incomeBeforeTaxRatio": -0.1757584929,
    "incomeTaxExpense": -63400000,
    "netIncome": -168900000,
    "netIncomeRatio": -0.1277899675,
    "eps": -0.2,
    "epsdiluted": -0.2,
    "weightedAverageShsOut": 856700000,
    "weightedAverageShsOutDil": 856700000,
    "link": "https://www.sec.gov/Archives/edgar/data/1835632/000183563223000029/0001835632-23-000029-index.htm",
    "finalLink": "https://www.sec.gov/Archives/edgar/data/1835632/000183563223000029/mrvl-20230429.htm"
  },
  {
    "date": "2023-01-28",
    "symbol": "MRVL",
    "reportedCurrency": "USD",
    "cik": "0001835632",
    "fillingDate": "2023-03-09",
    "acceptedDate": "2023-03-09 16:03:34",
    "calendarYear": "2023",
    "period": "Q4",
    "revenue": 1418500000,
    "costOfRevenue": 745200000,
    "grossProfit": 673300000,
    "grossProfitRatio": 0.4746563271,
    "researchAndDevelopmentExpenses": 443100000,
    "generalAndAdministrativeExpenses": 202700000,
    "sellingAndMarketingExpenses": 700000,
    "sellingGeneralAndAdministrativeExpenses": 203400000,
    "otherExpenses": 300000,
    "operatingExpenses": 646500000,
    "costAndExpenses": 1391700000,
    "interestIncome": 2500000,
    "interestExpense": 49300000,
    "depreciationAndAmortization": 351100000,
    "ebitda": 377200000,
    "ebitdaratio": 0.2683820938,
    "operatingIncome": 23300000,
    "operatingIncomeRatio": 0.0164258019,
    "totalOtherIncomeExpensesNet": -46500000,
    "incomeBeforeTax": -23200000,
    "incomeBeforeTaxRatio": -0.0163553049,
    "incomeTaxExpense": -7800000,
    "netIncome": -15400000,
    "netIncomeRatio": -0.0108565386,
    "eps": -0.018,
    "epsdiluted": -0.018,
    "weightedAverageShsOut": 854100000,
    "weightedAverageShsOutDil": 854100000,
    "link": "https://www.sec.gov/Archives/edgar/data/1835632/000183563223000013/0001835632-23-000013-index.htm",
    "finalLink": "https://www.sec.gov/Archives/edgar/data/1835632/000183563223000013/mrvl-20230128.htm"
  },
  {
    "date": "2022-10-29",
    "symbol": "MRVL",
    "reportedCurrency": "USD",
    "cik": "0001835632",
    "fillingDate": "2022-12-02",
    "acceptedDate": "2022-12-02 16:02:50",
    "calendarYear": "2023",
    "period": "Q3",
    "revenue": 1537300000,
    "costOfRevenue": 760000000,
    "grossProfit": 777300000,
    "grossProfitRatio": 0.5056267482,
    "researchAndDevelopmentExpenses": 448100000,
    "generalAndAdministrativeExpenses": 0,
    "sellingAndMarketingExpenses": 0,
    "sellingGeneralAndAdministrativeExpenses": 207800000,
    "otherExpenses": 0,
    "operatingExpenses": 655900000,
    "costAndExpenses": 1415900000,
    "interestIncome": 1500000,
    "interestExpense": 45200000,
    "depreciationAndAmortization": 344300000,
    "ebitda": 454800000,
    "ebitdaratio": 0.2958433617,
    "operatingIncome": 105800000,
    "operatingIncomeRatio": 0.0688219606,
    "totalOtherIncomeExpensesNet": -40500000,
    "incomeBeforeTax": 65300000,
    "incomeBeforeTaxRatio": 0.0424770702,
    "incomeTaxExpense": 52000000,
    "netIncome": 13300000,
    "netIncomeRatio": 0.0086515319,
    "eps": 0.02,
    "epsdiluted": 0.02,
    "weightedAverageShsOut": 852600000,
    "weightedAverageShsOutDil": 858400000,
    "link": "https://www.sec.gov/Archives/edgar/data/1835632/000183563222000053/0001835632-22-000053-index.htm",
    "finalLink": "https://www.sec.gov/Archives/edgar/data/1835632/000183563222000053/mrvl-20221029.htm"
  },
  {
    "date": "2022-07-30",
    "symbol": "MRVL",
    "reportedCurrency": "USD",
    "cik": "0001835632",
    "fillingDate": "2022-08-26",
    "acceptedDate": "2022-08-26 16:12:53",
    "calendarYear": "2023",
    "period": "Q2",
    "revenue": 1516900000,
    "costOfRevenue": 730900000,
    "grossProfit": 786000000,
    "grossProfitRatio": 0.518162041,
    "researchAndDevelopmentExpenses": 449000000,
    "generalAndAdministrativeExpenses": 0,
    "sellingAndMarketingExpenses": 0,
    "sellingGeneralAndAdministrativeExpenses": 211700000,
    "otherExpenses": 3700000,
    "operatingExpenses": 660700000,
    "costAndExpenses": 1391600000,
    "interestIncome": 800000,
    "interestExpense": 39800000,
    "depreciationAndAmortization": 348700000,
    "ebitda": 392300000,
    "ebitdaratio": 0.3124793988,
    "operatingIncome": 125300000,
    "operatingIncomeRatio": 0.0826026765,
    "totalOtherIncomeExpensesNet": -121500000,
    "incomeBeforeTax": 3800000,
    "incomeBeforeTaxRatio": 0.0025051091,
    "incomeTaxExpense": -500000,
    "netIncome": 4300000,
    "netIncomeRatio": 0.0028347287,
    "eps": 0.005,
    "epsdiluted": 0.005,
    "weightedAverageShsOut": 850900000,
    "weightedAverageShsOutDil": 857900000,
    "link": "https://www.sec.gov/Archives/edgar/data/1835632/000183563222000041/0001835632-22-000041-index.htm",
    "finalLink": "https://www.sec.gov/Archives/edgar/data/1835632/000183563222000041/mrvl-20220730.htm"
  },
  {
    "date": "2022-04-30",
    "symbol": "MRVL",
    "reportedCurrency": "USD",
    "cik": "0001835632",
    "fillingDate": "2022-05-27",
    "acceptedDate": "2022-05-27 16:04:20",
    "calendarYear": "2023",
    "period": "Q1",
    "revenue": 1446900000,
    "costOfRevenue": 696000000,
    "grossProfit": 750900000,
    "grossProfitRatio": 0.5189715944,
    "researchAndDevelopmentExpenses": 444100000,
    "generalAndAdministrativeExpenses": 0,
    "sellingAndMarketingExpenses": 0,
    "sellingGeneralAndAdministrativeExpenses": 235700000,
    "otherExpenses": 5200000,
    "operatingExpenses": 679800000,
    "costAndExpenses": 1375800000,
    "interestIncome": 500000,
    "interestExpense": 36300000,
    "depreciationAndAmortization": 348200000,
    "ebitda": 423700000,
    "ebitdaratio": 0.2937314258,
    "operatingIncome": 69800000,
    "operatingIncomeRatio": 0.0482410671,
    "totalOtherIncomeExpensesNet": -30600000,
    "incomeBeforeTax": 39200000,
    "incomeBeforeTaxRatio": 0.0270924045,
    "incomeTaxExpense": 204900000,
    "netIncome": -165700000,
    "netIncomeRatio": -0.1145206994,
    "eps": -0.2,
    "epsdiluted": -0.2,
    "weightedAverageShsOut": 828500000,
    "weightedAverageShsOutDil": 848000000,
    "link": "https://www.sec.gov/Archives/edgar/data/1835632/000183563222000028/0001835632-22-000028-index.htm",
    "finalLink": "https://www.sec.gov/Archives/edgar/data/1835632/000183563222000028/mrvl-20220430.htm"
  },
  {
    "date": "2022-01-29",
    "symbol": "MRVL",
    "reportedCurrency": "USD",
    "cik": "0001835632",
    "fillingDate": "2022-03-10",
    "acceptedDate": "2022-03-10 16:05:55",
    "calendarYear": "2022",
    "period": "Q4",
    "revenue": 1342978000,
    "costOfRevenue": 656544000,
    "grossProfit": 686434000,
    "grossProfitRatio": 0.5111282538,
    "researchAndDevelopmentExpenses": 399269000,
    "generalAndAdministrativeExpenses": 250412000,
    "sellingAndMarketingExpenses": 800000,
    "sellingGeneralAndAdministrativeExpenses": 251212000,
    "otherExpenses": 2196000,
    "operatingExpenses": 650481000,
    "costAndExpenses": 1307025000,
    "interestIncome": 189000,
    "interestExpense": 34963000,
    "depreciationAndAmortization": 371041000,
    "ebitda": 408078000,
    "ebitdaratio": 0.3048292675,
    "operatingIncome": 34652000,
    "operatingIncomeRatio": 0.0258023586,
    "totalOtherIncomeExpensesNet": -32578000,
    "incomeBeforeTax": 2074000,
    "incomeBeforeTaxRatio": 0.0015443291,
    "incomeTaxExpense": -4094000,
    "netIncome": 6168000,
    "netIncomeRatio": 0.0045927781,
    "eps": 0.01,
    "epsdiluted": 0.01,
    "weightedAverageShsOut": 844419000,
    "weightedAverageShsOutDil": 862062000,
    "link": "https://www.sec.gov/Archives/edgar/data/1835632/000183563222000016/0001835632-22-000016-index.htm",
    "finalLink": "https://www.sec.gov/Archives/edgar/data/1835632/000183563222000016/mrvl-20220129.htm"
  },
  {
    "date": "2021-10-30",
    "symbol": "MRVL",
    "reportedCurrency": "USD",
    "cik": "0001835632",
    "fillingDate": "2021-12-03",
    "acceptedDate": "2021-12-03 16:04:06",
    "calendarYear": "2022",
    "period": "Q3",
    "revenue": 1211245000,
    "costOfRevenue": 623425000,
    "grossProfit": 587820000,
    "grossProfitRatio": 0.4853023129,
    "researchAndDevelopmentExpenses": 371894000,
    "generalAndAdministrativeExpenses": 0,
    "sellingAndMarketingExpenses": 0,
    "sellingGeneralAndAdministrativeExpenses": 243406000,
    "otherExpenses": 999000,
    "operatingExpenses": 615300000,
    "costAndExpenses": 1238725000,
    "interestIncome": 189000,
    "interestExpense": 35423000,
    "depreciationAndAmortization": 350874000,
    "ebitda": 318721000,
    "ebitdaratio": 0.2679738616,
    "operatingIncome": -33341000,
    "operatingIncomeRatio": -0.027526223,
    "totalOtherIncomeExpensesNet": -34235000,
    "incomeBeforeTax": -67576000,
    "incomeBeforeTaxRatio": -0.0557905296,
    "incomeTaxExpense": -5044000,
    "netIncome": -62532000,
    "netIncomeRatio": -0.0516262193,
    "eps": -0.0755,
    "epsdiluted": -0.0755,
    "weightedAverageShsOut": 828600000,
    "weightedAverageShsOutDil": 828600000,
    "link": "https://www.sec.gov/Archives/edgar/data/1835632/000183563221000032/0001835632-21-000032-index.htm",
    "finalLink": "https://www.sec.gov/Archives/edgar/data/1835632/000183563221000032/mrvl-20211030.htm"
  },
  {
    "date": "2021-07-31",
    "symbol": "MRVL",
    "reportedCurrency": "USD",
    "cik": "0001835632",
    "fillingDate": "2021-08-27",
    "acceptedDate": "2021-08-27 16:06:10",
    "calendarYear": "2022",
    "period": "Q2",
    "revenue": 1075881000,
    "costOfRevenue": 704051000,
    "grossProfit": 371830000,
    "grossProfitRatio": 0.3456051366,
    "researchAndDevelopmentExpenses": 367043000,
    "generalAndAdministrativeExpenses": 0,
    "sellingAndMarketingExpenses": 0,
    "sellingGeneralAndAdministrativeExpenses": 259161000,
    "otherExpenses": -1654000,
    "operatingExpenses": 626204000,
    "costAndExpenses": 1330255000,
    "interestIncome": 150000,
    "interestExpense": 33814000,
    "depreciationAndAmortization": 342920000,
    "ebitda": 74748000,
    "ebitdaratio": 0.0809029995,
    "operatingIncome": -266668000,
    "operatingIncomeRatio": -0.2478601258,
    "totalOtherIncomeExpensesNet": -35318000,
    "incomeBeforeTax": -301986000,
    "incomeBeforeTaxRatio": -0.2806871764,
    "incomeTaxExpense": -25558000,
    "netIncome": -276428000,
    "netIncomeRatio": -0.256931761,
    "eps": -0.34,
    "epsdiluted": -0.34,
    "weightedAverageShsOut": 821062000,
    "weightedAverageShsOutDil": 821100000,
    "link": "https://www.sec.gov/Archives/edgar/data/1835632/000183563221000022/0001835632-21-000022-index.htm",
    "finalLink": "https://www.sec.gov/Archives/edgar/data/1835632/000183563221000022/mrvl-20210731.htm"
  },
  {
    "date": "2021-05-01",
    "symbol": "MRVL",
    "reportedCurrency": "USD",
    "cik": "0001835632",
    "fillingDate": "2021-06-09",
    "acceptedDate": "2021-06-09 16:21:12",
    "calendarYear": "2022",
    "period": "Q1",
    "revenue": 832279000,
    "costOfRevenue": 414138000,
    "grossProfit": 418141000,
    "grossProfitRatio": 0.5024048426,
    "researchAndDevelopmentExpenses": 286100000,
    "generalAndAdministrativeExpenses": 0,
    "sellingAndMarketingExpenses": 0,
    "sellingGeneralAndAdministrativeExpenses": 201466000,
    "otherExpenses": 1223000,
    "operatingExpenses": 487566000,
    "costAndExpenses": 901704000,
    "interestIncome": 222000,
    "interestExpense": 35141000,
    "depreciationAndAmortization": 180476000,
    "ebitda": 99610000,
    "ebitdaratio": 0.1351662123,
    "operatingIncome": -82311000,
    "operatingIncomeRatio": -0.0988983262,
    "totalOtherIncomeExpensesNet": -46582000,
    "incomeBeforeTax": -116007000,
    "incomeBeforeTaxRatio": -0.1393847496,
    "incomeTaxExpense": -27765000,
    "netIncome": -88242000,
    "netIncomeRatio": -0.1060245423,
    "eps": -0.13,
    "epsdiluted": -0.13,
    "weightedAverageShsOut": 693378000,
    "weightedAverageShsOutDil": 693400000,
    "link": "https://www.sec.gov/Archives/edgar/data/1835632/000183563221000010/0001835632-21-000010-index.htm",
    "finalLink": "https://www.sec.gov/Archives/edgar/data/1835632/000183563221000010/mrvl-20210501.htm"
  },
  {
    "date": "2021-01-31",
    "symbol": "MRVL",
    "reportedCurrency": "USD",
    "cik": "0001835632",
    "fillingDate": "2021-01-31",
    "acceptedDate": "2021-01-31 00:00:00",
    "calendarYear": "2021",
    "period": "Q4",
    "revenue": 797819000,
    "costOfRevenue": 376687000,
    "grossProfit": 421132000,
    "grossProfitRatio": 0.5278540621,
    "researchAndDevelopmentExpenses": 260380000,
    "generalAndAdministrativeExpenses": 116318000,
    "sellingAndMarketingExpenses": 600000,
    "sellingGeneralAndAdministrativeExpenses": 116918000,
    "otherExpenses": -727000,
    "operatingExpenses": 377298000,
    "costAndExpenses": 753985000,
    "interestIncome": 356000,
    "interestExpense": 20733000,
    "depreciationAndAmortization": 157672000,
    "ebitda": 155565000,
    "ebitdaratio": 0.2521060541,
    "operatingIncome": -1736000,
    "operatingIncomeRatio": -0.0021759321,
    "totalOtherIncomeExpensesNet": -21104000,
    "incomeBeforeTax": -22840000,
    "incomeBeforeTaxRatio": -0.0286280472,
    "incomeTaxExpense": -39376000,
    "netIncome": 16536000,
    "netIncomeRatio": 0.0207265056,
    "eps": 0.02,
    "epsdiluted": 0.02,
    "weightedAverageShsOut": 673529000,
    "weightedAverageShsOutDil": 687959000,
    "link": null,
    "finalLink": null
  },
  {
    "date": "2020-10-31",
    "symbol": "MRVL",
    "reportedCurrency": "USD",
    "cik": "0001835632",
    "fillingDate": "2020-10-31",
    "acceptedDate": "2020-10-31 00:00:00",
    "calendarYear": "2021",
    "period": "Q3",
    "revenue": 750143000,
    "costOfRevenue": 369083000,
    "grossProfit": 381060000,
    "grossProfitRatio": 0.5079831445,
    "researchAndDevelopmentExpenses": 255637000,
    "generalAndAdministrativeExpenses": 0,
    "sellingAndMarketingExpenses": 0,
    "sellingGeneralAndAdministrativeExpenses": 115501000,
    "otherExpenses": 299000,
    "operatingExpenses": 371138000,
    "costAndExpenses": 740221000,
    "interestIncome": 608000,
    "interestExpense": 16066000,
    "depreciationAndAmortization": 157267000,
    "ebitda": 148784000,
    "ebitdaratio": 0.2240852744,
    "operatingIncome": -9390000,
    "operatingIncomeRatio": -0.0125176133,
    "totalOtherIncomeExpensesNet": -15159000,
    "incomeBeforeTax": -24549000,
    "incomeBeforeTaxRatio": -0.0327257603,
    "incomeTaxExpense": -1641000,
    "netIncome": -22908000,
    "netIncomeRatio": -0.0305381774,
    "eps": -0.0342,
    "epsdiluted": -0.0342,
    "weightedAverageShsOut": 670487000,
    "weightedAverageShsOutDil": 670487000,
    "link": null,
    "finalLink": null
  },
  {
    "date": "2020-07-31",
    "symbol": "MRVL",
    "reportedCurrency": "USD",
    "cik": "0001835632",
    "fillingDate": "2020-07-31",
    "acceptedDate": "2020-07-31 00:00:00",
    "calendarYear": "2021",
    "period": "Q2",
    "revenue": 727297000,
    "costOfRevenue": 368041000,
    "grossProfit": 359256000,
    "grossProfitRatio": 0.4939605141,
    "researchAndDevelopmentExpenses": 277139000,
    "generalAndAdministrativeExpenses": 0,
    "sellingAndMarketingExpenses": 0,
    "sellingGeneralAndAdministrativeExpenses": 112794000,
    "otherExpenses": -440000,
    "operatingExpenses": 389933000,
    "costAndExpenses": 757974000,
    "interestIncome": 577000,
    "interestExpense": 15635000,
    "depreciationAndAmortization": 163184000,
    "ebitda": 12054000,
    "ebitdaratio": 0.1823794131,
    "operatingIncome": -151267000,
    "operatingIncomeRatio": -0.2079851835,
    "totalOtherIncomeExpensesNet": -136088000,
    "incomeBeforeTax": -166765000,
    "incomeBeforeTaxRatio": -0.2292942223,
    "incomeTaxExpense": -8872000,
    "netIncome": -157893000,
    "netIncomeRatio": -0.2170956294,
    "eps": -0.24,
    "epsdiluted": -0.24,
    "weightedAverageShsOut": 657887500,
    "weightedAverageShsOutDil": 667574000,
    "link": null,
    "finalLink": null
  },
  {
    "date": "2020-04-30",
    "symbol": "MRVL",
    "reportedCurrency": "USD",
    "cik": "0001835632",
    "fillingDate": "2020-04-30",
    "acceptedDate": "2020-04-30 00:00:00",
    "calendarYear": "2021",
    "period": "Q1",
    "revenue": 693641000,
    "costOfRevenue": 366739000,
    "grossProfit": 326902000,
    "grossProfitRatio": 0.4712841369,
    "researchAndDevelopmentExpenses": 279584000,
    "generalAndAdministrativeExpenses": 0,
    "sellingAndMarketingExpenses": 0,
    "sellingGeneralAndAdministrativeExpenses": 122027000,
    "otherExpenses": 3754000,
    "operatingExpenses": 401611000,
    "costAndExpenses": 768350000,
    "interestIncome": 1058000,
    "interestExpense": 16830000,
    "depreciationAndAmortization": 163405000,
    "ebitda": 72221000,
    "ebitdaratio": 0.1348074869,
    "operatingIncome": -95996000,
    "operatingIncomeRatio": -0.1383943567,
    "totalOtherIncomeExpensesNet": -12018000,
    "incomeBeforeTax": -108014000,
    "incomeBeforeTaxRatio": -0.1557203222,
    "incomeTaxExpense": 5019000,
    "netIncome": -113033000,
    "netIncomeRatio": -0.1629560536,
    "eps": -0.17,
    "epsdiluted": -0.17,
    "weightedAverageShsOut": 663547000,
    "weightedAverageShsOutDil": 663547000,
    "link": null,
    "finalLink": null
  },
  {
    "date": "2020-01-31",
    "symbol": "MRVL",
    "reportedCurrency": "USD",
    "cik": "0001835632",
    "fillingDate": "2020-01-31",
    "acceptedDate": "2020-01-31 00:00:00",
    "calendarYear": "2020",
    "period": "Q4",
    "revenue": 717671000,
    "costOfRevenue": 412927000,
    "grossProfit": 304744000,
    "grossProfitRatio": 0.4246291128,
    "researchAndDevelopmentExpenses": 279389000,
    "generalAndAdministrativeExpenses": 120792000,
    "sellingAndMarketingExpenses": 800000,
    "sellingGeneralAndAdministrativeExpenses": 121592000,
    "otherExpenses": 1124179000,
    "operatingExpenses": 400981000,
    "costAndExpenses": 813908000,
    "interestIncome": 1379000,
    "interestExpense": 22656000,
    "depreciationAndAmortization": 158611000,
    "ebitda": 1169674000,
    "ebitdaratio": 1.6552598614,
    "operatingIncome": -114495000,
    "operatingIncomeRatio": -0.1595368909,
    "totalOtherIncomeExpensesNet": 1102902000,
    "incomeBeforeTax": 988407000,
    "incomeBeforeTaxRatio": 1.3772424969,
    "incomeTaxExpense": -784266000,
    "netIncome": 1772673000,
    "netIncomeRatio": 2.4700357127,
    "eps": 2.66,
    "epsdiluted": 2.62,
    "weightedAverageShsOut": 665562000,
    "weightedAverageShsOutDil": 675700000,
    "link": null,
    "finalLink": null
  },
  {
    "date": "2019-10-31",
    "symbol": "MRVL",
    "reportedCurrency": "USD",
    "cik": "0001835632",
    "fillingDate": "2019-10-31",
    "acceptedDate": "2019-10-31 00:00:00",
    "calendarYear": "2020",
    "period": "Q3",
    "revenue": 662470000,
    "costOfRevenue": 322403000,
    "grossProfit": 340067000,
    "grossProfitRatio": 0.5133319245,
    "researchAndDevelopmentExpenses": 267781000,
    "generalAndAdministrativeExpenses": 0,
    "sellingAndMarketingExpenses": 0,
    "sellingGeneralAndAdministrativeExpenses": 118993000,
    "otherExpenses": 689000,
    "operatingExpenses": 386774000,
    "costAndExpenses": 709177000,
    "interestIncome": 1092000,
    "interestExpense": 21241000,
    "depreciationAndAmortization": 133268000,
    "ebitda": 73540000,
    "ebitdaratio": 0.1333524537,
    "operatingIncome": -61509000,
    "operatingIncomeRatio": -0.092847978,
    "totalOtherIncomeExpensesNet": -19460000,
    "incomeBeforeTax": -80969000,
    "incomeBeforeTaxRatio": -0.1222228931,
    "incomeTaxExpense": 1532000,
    "netIncome": -82501000,
    "netIncomeRatio": -0.1245354507,
    "eps": -0.12,
    "epsdiluted": -0.12,
    "weightedAverageShsOut": 668178000,
    "weightedAverageShsOutDil": 668178000,
    "link": null,
    "finalLink": null
  },
  {
    "date": "2019-07-31",
    "symbol": "MRVL",
    "reportedCurrency": "USD",
    "cik": "0001835632",
    "fillingDate": "2019-07-31",
    "acceptedDate": "2019-07-31 00:00:00",
    "calendarYear": "2020",
    "period": "Q2",
    "revenue": 656568000,
    "costOfRevenue": 305866000,
    "grossProfit": 350702000,
    "grossProfitRatio": 0.5341442166,
    "researchAndDevelopmentExpenses": 266354000,
    "generalAndAdministrativeExpenses": 0,
    "sellingAndMarketingExpenses": 0,
    "sellingGeneralAndAdministrativeExpenses": 113990000,
    "otherExpenses": -2197000,
    "operatingExpenses": 380344000,
    "costAndExpenses": 686210000,
    "interestIncome": 1077000,
    "interestExpense": 20531000,
    "depreciationAndAmortization": 122908000,
    "ebitda": 75560000,
    "ebitdaratio": 0.1403449452,
    "operatingIncome": -46228000,
    "operatingIncomeRatio": -0.0704085487,
    "totalOtherIncomeExpensesNet": -38237000,
    "incomeBeforeTax": -67879000,
    "incomeBeforeTaxRatio": -0.1033845695,
    "incomeTaxExpense": -10548000,
    "netIncome": -57331000,
    "netIncomeRatio": -0.0873192114,
    "eps": -0.09,
    "epsdiluted": -0.0864,
    "weightedAverageShsOut": 637011111,
    "weightedAverageShsOutDil": 663603000,
    "link": null,
    "finalLink": null
  },
  {
    "date": "2019-04-30",
    "symbol": "MRVL",
    "reportedCurrency": "USD",
    "cik": "0001835632",
    "fillingDate": "2019-04-30",
    "acceptedDate": "2019-04-30 00:00:00",
    "calendarYear": "2020",
    "period": "Q1",
    "revenue": 662452000,
    "costOfRevenue": 301024000,
    "grossProfit": 361428000,
    "grossProfitRatio": 0.5455912277,
    "researchAndDevelopmentExpenses": 266867000,
    "generalAndAdministrativeExpenses": 0,
    "sellingAndMarketingExpenses": 0,
    "sellingGeneralAndAdministrativeExpenses": 110005000,
    "otherExpenses": -116000,
    "operatingExpenses": 376872000,
    "costAndExpenses": 677896000,
    "interestIncome": 1268000,
    "interestExpense": 21203000,
    "depreciationAndAmortization": 124038000,
    "ebitda": 104064000,
    "ebitdaratio": 0.1656663426,
    "operatingIncome": -21126000,
    "operatingIncomeRatio": -0.0318906125,
    "totalOtherIncomeExpensesNet": -20051000,
    "incomeBeforeTax": -41177000,
    "incomeBeforeTaxRatio": -0.0621584658,
    "incomeTaxExpense": 7273000,
    "netIncome": -48450000,
    "netIncomeRatio": -0.0731373745,
    "eps": -0.0735,
    "epsdiluted": -0.0735,
    "weightedAverageShsOut": 658963000,
    "weightedAverageShsOutDil": 658963000,
    "link": null,
    "finalLink": null
  },
  {
    "date": "2019-01-31",
    "symbol": "MRVL",
    "reportedCurrency": "USD",
    "cik": "0001835632",
    "fillingDate": "2019-01-31",
    "acceptedDate": "2019-01-31 00:00:00",
    "calendarYear": "2019",
    "period": "Q4",
    "revenue": 744799000,
    "costOfRevenue": 422797000,
    "grossProfit": 322002000,
    "grossProfitRatio": 0.4323340928,
    "researchAndDevelopmentExpenses": 256102000,
    "generalAndAdministrativeExpenses": 0,
    "sellingAndMarketingExpenses": 106168000,
    "sellingGeneralAndAdministrativeExpenses": 106168000,
    "otherExpenses": 4377000,
    "operatingExpenses": 362270000,
    "costAndExpenses": 785067000,
    "interestIncome": 1236000,
    "interestExpense": 21953000,
    "depreciationAndAmortization": 116315000,
    "ebitda": 68920000,
    "ebitdaratio": 0.1096403191,
    "operatingIncome": -53008000,
    "operatingIncomeRatio": -0.0711708797,
    "totalOtherIncomeExpensesNet": -29080000,
    "incomeBeforeTax": -69348000,
    "incomeBeforeTaxRatio": -0.0931096846,
    "incomeTaxExpense": 191350000,
    "netIncome": -260698000,
    "netIncomeRatio": -0.3500246375,
    "eps": -0.4,
    "epsdiluted": -0.4,
    "weightedAverageShsOut": 657835000,
    "weightedAverageShsOutDil": 657835000,
    "link": null,
    "finalLink": null
  },
  {
    "date": "2018-10-31",
    "symbol": "MRVL",
    "reportedCurrency": "USD",
    "cik": "0001835632",
    "fillingDate": "2018-10-31",
    "acceptedDate": "2018-10-31 00:00:00",
    "calendarYear": "2019",
    "period": "Q3",
    "revenue": 851051000,
    "costOfRevenue": 467464000,
    "grossProfit": 383587000,
    "grossProfitRatio": 0.4507215196,
    "researchAndDevelopmentExpenses": 264888000,
    "generalAndAdministrativeExpenses": 0,
    "sellingAndMarketingExpenses": 112178000,
    "sellingGeneralAndAdministrativeExpenses": 112178000,
    "otherExpenses": -2628000,
    "operatingExpenses": 377066000,
    "costAndExpenses": 844530000,
    "interestIncome": 1046000,
    "interestExpense": 22370000,
    "depreciationAndAmortization": 117950000,
    "ebitda": 95858000,
    "ebitdaratio": 0.1443967518,
    "operatingIncome": -20510000,
    "operatingIncomeRatio": -0.0240996133,
    "totalOtherIncomeExpensesNet": -50983000,
    "incomeBeforeTax": -44462000,
    "incomeBeforeTaxRatio": -0.0522436376,
    "incomeTaxExpense": 9305000,
    "netIncome": -53767000,
    "netIncomeRatio": -0.0631771774,
    "eps": -0.0818,
    "epsdiluted": -0.0818,
    "weightedAverageShsOut": 657519000,
    "weightedAverageShsOutDil": 657519000,
    "link": null,
    "finalLink": null
  },
  {
    "date": "2018-07-31",
    "symbol": "MRVL",
    "reportedCurrency": "USD",
    "cik": "0001835632",
    "fillingDate": "2018-07-31",
    "acceptedDate": "2018-07-31 00:00:00",
    "calendarYear": "2019",
    "period": "Q2",
    "revenue": 665310000,
    "costOfRevenue": 288200000,
    "grossProfit": 377110000,
    "grossProfitRatio": 0.5668184756,
    "researchAndDevelopmentExpenses": 216285000,
    "generalAndAdministrativeExpenses": 0,
    "sellingAndMarketingExpenses": 133701000,
    "sellingGeneralAndAdministrativeExpenses": 133701000,
    "otherExpenses": -2701000,
    "operatingExpenses": 349986000,
    "costAndExpenses": 638186000,
    "interestIncome": 3575000,
    "interestExpense": 15795000,
    "depreciationAndAmortization": 52693000,
    "ebitda": 45276000,
    "ebitdaratio": 0.1212833115,
    "operatingIncome": -8291000,
    "operatingIncomeRatio": -0.0124618599,
    "totalOtherIncomeExpensesNet": -14921000,
    "incomeBeforeTax": -23212000,
    "incomeBeforeTaxRatio": -0.0348889991,
    "incomeTaxExpense": -29971000,
    "netIncome": 6759000,
    "netIncomeRatio": 0.0101591739,
    "eps": 0.01,
    "epsdiluted": 0.01,
    "weightedAverageShsOut": 552238000,
    "weightedAverageShsOutDil": 562149000,
    "link": null,
    "finalLink": null
  },
  {
    "date": "2018-04-30",
    "symbol": "MRVL",
    "reportedCurrency": "USD",
    "cik": "0001835632",
    "fillingDate": "2018-04-30",
    "acceptedDate": "2018-04-30 00:00:00",
    "calendarYear": "2019",
    "period": "Q1",
    "revenue": 604631000,
    "costOfRevenue": 228938000,
    "grossProfit": 375693000,
    "grossProfitRatio": 0.621359143,
    "researchAndDevelopmentExpenses": 176734000,
    "generalAndAdministrativeExpenses": 0,
    "sellingAndMarketingExpenses": 72313000,
    "sellingGeneralAndAdministrativeExpenses": 72313000,
    "otherExpenses": 2853000,
    "operatingExpenses": 249047000,
    "costAndExpenses": 477985000,
    "interestIncome": 6069000,
    "interestExpense": 244000,
    "depreciationAndAmortization": 20343000,
    "ebitda": 152962000,
    "ebitdaratio": 0.2456969623,
    "operatingIncome": 125079000,
    "operatingIncomeRatio": 0.2068683213,
    "totalOtherIncomeExpensesNet": 5729000,
    "incomeBeforeTax": 132375000,
    "incomeBeforeTaxRatio": 0.2189351853,
    "incomeTaxExpense": 3763000,
    "netIncome": 128612000,
    "netIncomeRatio": 0.2127115547,
    "eps": 0.26,
    "epsdiluted": 0.25,
    "weightedAverageShsOut": 497335000,
    "weightedAverageShsOutDil": 508716000,
    "link": null,
    "finalLink": null
  },
  {
    "date": "2018-01-31",
    "symbol": "MRVL",
    "reportedCurrency": "USD",
    "cik": "0001835632",
    "fillingDate": "2018-01-31",
    "acceptedDate": "2018-01-31 00:00:00",
    "calendarYear": "2018",
    "period": "Q4",
    "revenue": 615409000,
    "costOfRevenue": 241927000,
    "grossProfit": 373482000,
    "grossProfitRatio": 0.6068842022,
    "researchAndDevelopmentExpenses": 180000000,
    "generalAndAdministrativeExpenses": 0,
    "sellingAndMarketingExpenses": 68291000,
    "sellingGeneralAndAdministrativeExpenses": 68291000,
    "otherExpenses": 0,
    "operatingExpenses": 248291000,
    "costAndExpenses": 490218000,
    "interestIncome": 0,
    "interestExpense": 0,
    "depreciationAndAmortization": 21276000,
    "ebitda": 80367000,
    "ebitdaratio": 0.3536623611,
    "operatingIncome": 54011000,
    "operatingIncomeRatio": 0.0877643973,
    "totalOtherIncomeExpensesNet": 4788000,
    "incomeBeforeTax": 58799000,
    "incomeBeforeTaxRatio": 0.095544589,
    "incomeTaxExpense": 10036000,
    "netIncome": 48763000,
    "netIncomeRatio": 0.0792367352,
    "eps": 0.1,
    "epsdiluted": 0.1,
    "weightedAverageShsOut": 493663000,
    "weightedAverageShsOutDil": 506197000,
    "link": null,
    "finalLink": null
  },
  {
    "date": "2017-10-31",
    "symbol": "MRVL",
    "reportedCurrency": "USD",
    "cik": "0001835632",
    "fillingDate": "2017-10-31",
    "acceptedDate": "2017-10-31 00:00:00",
    "calendarYear": "2018",
    "period": "Q3",
    "revenue": 616302000,
    "costOfRevenue": 238533000,
    "grossProfit": 377769000,
    "grossProfitRatio": 0.6129608536,
    "researchAndDevelopmentExpenses": 165477000,
    "generalAndAdministrativeExpenses": 0,
    "sellingAndMarketingExpenses": 59112000,
    "sellingGeneralAndAdministrativeExpenses": 59112000,
    "otherExpenses": 0,
    "operatingExpenses": 224589000,
    "costAndExpenses": 463122000,
    "interestIncome": 4301000,
    "interestExpense": 262000,
    "depreciationAndAmortization": 22459000,
    "ebitda": 178817000,
    "ebitdaratio": 0.2903170848,
    "operatingIncome": 149896000,
    "operatingIncomeRatio": 0.2432184221,
    "totalOtherIncomeExpensesNet": 6200000,
    "incomeBeforeTax": 156096000,
    "incomeBeforeTaxRatio": 0.2532784252,
    "incomeTaxExpense": 6759000,
    "netIncome": 200188000,
    "netIncomeRatio": 0.3248212727,
    "eps": 0.41,
    "epsdiluted": 0.4,
    "weightedAverageShsOut": 494096000,
    "weightedAverageShsOutDil": 504903000,
    "link": null,
    "finalLink": null
  },
  {
    "date": "2017-07-31",
    "symbol": "MRVL",
    "reportedCurrency": "USD",
    "cik": "0001835632",
    "fillingDate": "2017-07-31",
    "acceptedDate": "2017-07-31 00:00:00",
    "calendarYear": "2018",
    "period": "Q2",
    "revenue": 604750000,
    "costOfRevenue": 239572000,
    "grossProfit": 365178000,
    "grossProfitRatio": 0.6038495246,
    "researchAndDevelopmentExpenses": 180871000,
    "generalAndAdministrativeExpenses": 0,
    "sellingAndMarketingExpenses": 55659000,
    "sellingGeneralAndAdministrativeExpenses": 55659000,
    "otherExpenses": 0,
    "operatingExpenses": 236530000,
    "costAndExpenses": 476102000,
    "interestIncome": 3830000,
    "interestExpense": 80000,
    "depreciationAndAmortization": 21509000,
    "ebitda": 153140000,
    "ebitdaratio": 0.2553815626,
    "operatingIncome": 124363000,
    "operatingIncomeRatio": 0.2056436544,
    "totalOtherIncomeExpensesNet": 7188000,
    "incomeBeforeTax": 131551000,
    "incomeBeforeTaxRatio": 0.2175295577,
    "incomeTaxExpense": -3899000,
    "netIncome": 165259000,
    "netIncomeRatio": 0.2732682927,
    "eps": 0.33,
    "epsdiluted": 0.32,
    "weightedAverageShsOut": 500817000,
    "weightedAverageShsOutDil": 510309000,
    "link": null,
    "finalLink": null
  },
  {
    "date": "2017-04-30",
    "symbol": "MRVL",
    "reportedCurrency": "USD",
    "cik": "0001835632",
    "fillingDate": "2017-04-30",
    "acceptedDate": "2017-04-30 00:00:00",
    "calendarYear": "2018",
    "period": "Q1",
    "revenue": 579180000,
    "costOfRevenue": 230549000,
    "grossProfit": 348631000,
    "grossProfitRatio": 0.6019389482,
    "researchAndDevelopmentExpenses": 193027000,
    "generalAndAdministrativeExpenses": 0,
    "sellingAndMarketingExpenses": 55211000,
    "sellingGeneralAndAdministrativeExpenses": 55211000,
    "otherExpenses": -63000,
    "operatingExpenses": 248238000,
    "costAndExpenses": 478787000,
    "interestIncome": 3512000,
    "interestExpense": 51000,
    "depreciationAndAmortization": 21813000,
    "ebitda": 124085000,
    "ebitdaratio": 0.2135968093,
    "operatingIncome": 98888000,
    "operatingIncomeRatio": 0.1707379398,
    "totalOtherIncomeExpensesNet": 796000,
    "incomeBeforeTax": 102221000,
    "incomeBeforeTaxRatio": 0.1764926275,
    "incomeTaxExpense": 5251000,
    "netIncome": 106621000,
    "netIncomeRatio": 0.1840895749,
    "eps": 0.21,
    "epsdiluted": 0.21,
    "weightedAverageShsOut": 503790000,
    "weightedAverageShsOutDil": 517592000,
    "link": null,
    "finalLink": null
  },
  {
    "date": "2017-01-31",
    "symbol": "MRVL",
    "reportedCurrency": "USD",
    "cik": "0001835632",
    "fillingDate": "2017-01-31",
    "acceptedDate": "2017-01-31 00:00:00",
    "calendarYear": "2017",
    "period": "Q4",
    "revenue": 571400000,
    "costOfRevenue": 243883000,
    "grossProfit": 327517000,
    "grossProfitRatio": 0.5731834092,
    "researchAndDevelopmentExpenses": 228669000,
    "generalAndAdministrativeExpenses": 80347000,
    "sellingAndMarketingExpenses": 29154000,
    "sellingGeneralAndAdministrativeExpenses": 109501000,
    "otherExpenses": 1155000,
    "operatingExpenses": 339650000,
    "costAndExpenses": 583533000,
    "interestIncome": 0,
    "interestExpense": 0,
    "depreciationAndAmortization": 28648000,
    "ebitda": 24146000,
    "ebitdaratio": 0.0289026951,
    "operatingIncome": -12133000,
    "operatingIncomeRatio": -0.0212338117,
    "totalOtherIncomeExpensesNet": 22570000,
    "incomeBeforeTax": -8353000,
    "incomeBeforeTaxRatio": -0.0146184809,
    "incomeTaxExpense": 68524000,
    "netIncome": -80091000,
    "netIncomeRatio": -0.1401662583,
    "eps": -0.16,
    "epsdiluted": -0.16,
    "weightedAverageShsOut": 507834000,
    "weightedAverageShsOutDil": 507834000,
    "link": null,
    "finalLink": null
  },
  {
    "date": "2016-10-31",
    "symbol": "MRVL",
    "reportedCurrency": "USD",
    "cik": "0001835632",
    "fillingDate": "2016-10-31",
    "acceptedDate": "2016-10-31 00:00:00",
    "calendarYear": "2017",
    "period": "Q3",
    "revenue": 654422000,
    "costOfRevenue": 286063000,
    "grossProfit": 368359000,
    "grossProfitRatio": 0.5628768593,
    "researchAndDevelopmentExpenses": 223519000,
    "generalAndAdministrativeExpenses": 29012000,
    "sellingAndMarketingExpenses": 30576000,
    "sellingGeneralAndAdministrativeExpenses": 59588000,
    "otherExpenses": 2299000,
    "operatingExpenses": 285406000,
    "costAndExpenses": 571469000,
    "interestIncome": 3370000,
    "interestExpense": -2100000,
    "depreciationAndAmortization": 29972000,
    "ebitda": 124362000,
    "ebitdaratio": 0.1725568517,
    "operatingIncome": 82953000,
    "operatingIncomeRatio": 0.1267576579,
    "totalOtherIncomeExpensesNet": -5967000,
    "incomeBeforeTax": 88423000,
    "incomeBeforeTaxRatio": 0.1351161789,
    "incomeTaxExpense": 15807000,
    "netIncome": 72616000,
    "netIncomeRatio": 0.1109620398,
    "eps": 0.14,
    "epsdiluted": 0.14,
    "weightedAverageShsOut": 511090000,
    "weightedAverageShsOutDil": 522091000,
    "link": null,
    "finalLink": null
  },
  {
    "date": "2016-07-31",
    "symbol": "MRVL",
    "reportedCurrency": "USD",
    "cik": "0001835632",
    "fillingDate": "2016-07-31",
    "acceptedDate": "2016-07-31 00:00:00",
    "calendarYear": "2017",
    "period": "Q2",
    "revenue": 626404000,
    "costOfRevenue": 287608000,
    "grossProfit": 338796000,
    "grossProfitRatio": 0.5408586152,
    "researchAndDevelopmentExpenses": 228562000,
    "generalAndAdministrativeExpenses": 37173000,
    "sellingAndMarketingExpenses": 31094000,
    "sellingGeneralAndAdministrativeExpenses": 68267000,
    "otherExpenses": 289740000,
    "operatingExpenses": 299290000,
    "costAndExpenses": 586898000,
    "interestIncome": 3193000,
    "interestExpense": 97000,
    "depreciationAndAmortization": 29812000,
    "ebitda": 80892000,
    "ebitdaratio": 0.1106602129,
    "operatingIncome": 39506000,
    "operatingIncomeRatio": 0.0630679242,
    "totalOtherIncomeExpensesNet": 5563000,
    "incomeBeforeTax": 45790000,
    "incomeBeforeTaxRatio": 0.0730997886,
    "incomeTaxExpense": -5515000,
    "netIncome": 51305000,
    "netIncomeRatio": 0.0819040108,
    "eps": 0.1,
    "epsdiluted": 0.1,
    "weightedAverageShsOut": 511235000,
    "weightedAverageShsOutDil": 514314000,
    "link": null,
    "finalLink": null
  },
  {
    "date": "2016-04-30",
    "symbol": "MRVL",
    "reportedCurrency": "USD",
    "cik": "0001835632",
    "fillingDate": "2016-04-30",
    "acceptedDate": "2016-04-30 00:00:00",
    "calendarYear": "2017",
    "period": "Q1",
    "revenue": 540822000,
    "costOfRevenue": 259210000,
    "grossProfit": 281612000,
    "grossProfitRatio": 0.5207110657,
    "researchAndDevelopmentExpenses": 241271000,
    "generalAndAdministrativeExpenses": 35623000,
    "sellingAndMarketingExpenses": 31379000,
    "sellingGeneralAndAdministrativeExpenses": 67002000,
    "otherExpenses": 2461000,
    "operatingExpenses": 310734000,
    "costAndExpenses": 569944000,
    "interestIncome": 3442000,
    "interestExpense": 118000,
    "depreciationAndAmortization": 24734000,
    "ebitda": 11550000,
    "ebitdaratio": -0.0081135753,
    "operatingIncome": -29122000,
    "operatingIncomeRatio": -0.0538476615,
    "totalOtherIncomeExpensesNet": 7387000,
    "incomeBeforeTax": -27634000,
    "incomeBeforeTaxRatio": -0.0510962942,
    "incomeTaxExpense": -4955000,
    "netIncome": -22679000,
    "netIncomeRatio": -0.0419343148,
    "eps": -0.0446,
    "epsdiluted": -0.0446,
    "weightedAverageShsOut": 508794000,
    "weightedAverageShsOutDil": 508794000,
    "link": null,
    "finalLink": null
  },
  {
    "date": "2016-01-31",
    "symbol": "MRVL",
    "reportedCurrency": "USD",
    "cik": "0001835632",
    "fillingDate": "2016-01-31",
    "acceptedDate": "2016-01-31 00:00:00",
    "calendarYear": "2016",
    "period": "Q4",
    "revenue": 616158000,
    "costOfRevenue": 302610000,
    "grossProfit": 313548000,
    "grossProfitRatio": 0.5088759701,
    "researchAndDevelopmentExpenses": 239703000,
    "generalAndAdministrativeExpenses": 37812000,
    "sellingAndMarketingExpenses": 31301000,
    "sellingGeneralAndAdministrativeExpenses": 69113000,
    "otherExpenses": 2462000,
    "operatingExpenses": 311278000,
    "costAndExpenses": 613888000,
    "interestIncome": 0,
    "interestExpense": 0,
    "depreciationAndAmortization": 25747000,
    "ebitda": 28017000,
    "ebitdaratio": 0.04547048,
    "operatingIncome": 2270000,
    "operatingIncomeRatio": 0.00368412,
    "totalOtherIncomeExpensesNet": 1084000,
    "incomeBeforeTax": 3354000,
    "incomeBeforeTaxRatio": 0.005443409,
    "incomeTaxExpense": -846000,
    "netIncome": 4200000,
    "netIncomeRatio": 0.0068164334,
    "eps": 0.01,
    "epsdiluted": 0.01,
    "weightedAverageShsOut": 506352000,
    "weightedAverageShsOutDil": 508590000,
    "link": null,
    "finalLink": null
  },
  {
    "date": "2015-10-31",
    "symbol": "MRVL",
    "reportedCurrency": "USD",
    "cik": "0001835632",
    "fillingDate": "2015-10-31",
    "acceptedDate": "2015-10-31 00:00:00",
    "calendarYear": "2016",
    "period": "Q3",
    "revenue": 674056000,
    "costOfRevenue": 382386000,
    "grossProfit": 291670000,
    "grossProfitRatio": 0.4327088551,
    "researchAndDevelopmentExpenses": 284309000,
    "generalAndAdministrativeExpenses": 34731000,
    "sellingAndMarketingExpenses": 32481000,
    "sellingGeneralAndAdministrativeExpenses": 67212000,
    "otherExpenses": 3150000,
    "operatingExpenses": 354369000,
    "costAndExpenses": 736755000,
    "interestIncome": 3777000,
    "interestExpense": -867000,
    "depreciationAndAmortization": 28898000,
    "ebitda": 15381000,
    "ebitdaratio": -0.0501456852,
    "operatingIncome": -62699000,
    "operatingIncomeRatio": -0.0930174941,
    "totalOtherIncomeExpensesNet": -40911000,
    "incomeBeforeTax": -58054000,
    "incomeBeforeTaxRatio": -0.0861263753,
    "incomeTaxExpense": 3684000,
    "netIncome": -61738000,
    "netIncomeRatio": -0.0915917965,
    "eps": -0.12,
    "epsdiluted": -0.12,
    "weightedAverageShsOut": 504831000,
    "weightedAverageShsOutDil": 504831000,
    "link": null,
    "finalLink": null
  },
  {
    "date": "2015-07-31",
    "symbol": "MRVL",
    "reportedCurrency": "USD",
    "cik": "0001835632",
    "fillingDate": "2015-07-31",
    "acceptedDate": "2015-07-31 00:00:00",
    "calendarYear": "2016",
    "period": "Q2",
    "revenue": 711326000,
    "costOfRevenue": 748346000,
    "grossProfit": -37020000,
    "grossProfitRatio": -0.0520436481,
    "researchAndDevelopmentExpenses": 296160000,
    "generalAndAdministrativeExpenses": 33982000,
    "sellingAndMarketingExpenses": 30841000,
    "sellingGeneralAndAdministrativeExpenses": 64823000,
    "otherExpenses": 2568000,
    "operatingExpenses": 363551000,
    "costAndExpenses": 1111897000,
    "interestIncome": 3971000,
    "interestExpense": -2819000,
    "depreciationAndAmortization": 2568000,
    "ebitda": -737961000,
    "ebitdaratio": -0.559522638,
    "operatingIncome": -400571000,
    "operatingIncomeRatio": -0.5631327971,
    "totalOtherIncomeExpensesNet": -739777000,
    "incomeBeforeTax": -393781000,
    "incomeBeforeTaxRatio": -0.5535872441,
    "incomeTaxExpense": -11351000,
    "netIncome": -382430000,
    "netIncomeRatio": -0.5376297225,
    "eps": -0.74,
    "epsdiluted": -0.74,
    "weightedAverageShsOut": 516368000,
    "weightedAverageShsOutDil": 516368000,
    "link": null,
    "finalLink": null
  },
  {
    "date": "2015-04-30",
    "symbol": "MRVL",
    "reportedCurrency": "USD",
    "cik": "0001835632",
    "fillingDate": "2015-04-30",
    "acceptedDate": "2015-04-30 00:00:00",
    "calendarYear": "2016",
    "period": "Q1",
    "revenue": 724288000,
    "costOfRevenue": 351153000,
    "grossProfit": 373135000,
    "grossProfitRatio": 0.5151749028,
    "researchAndDevelopmentExpenses": 280114000,
    "generalAndAdministrativeExpenses": 41027000,
    "sellingAndMarketingExpenses": 36174000,
    "sellingGeneralAndAdministrativeExpenses": 77201000,
    "otherExpenses": 2568000,
    "operatingExpenses": 359883000,
    "costAndExpenses": 711036000,
    "interestIncome": 3857000,
    "interestExpense": -1310000,
    "depreciationAndAmortization": 29673000,
    "ebitda": 42925000,
    "ebitdaratio": 0.059265099,
    "operatingIncome": 13252000,
    "operatingIncomeRatio": 0.0182965892,
    "totalOtherIncomeExpensesNet": 4575000,
    "incomeBeforeTax": 18419000,
    "incomeBeforeTaxRatio": 0.0254304917,
    "incomeTaxExpense": 4329000,
    "netIncome": 14090000,
    "netIncomeRatio": 0.0194535875,
    "eps": 0.03,
    "epsdiluted": 0.03,
    "weightedAverageShsOut": 516228000,
    "weightedAverageShsOutDil": 527167000,
    "link": null,
    "finalLink": null
  },
  {
    "date": "2015-01-31",
    "symbol": "MRVL",
    "reportedCurrency": "USD",
    "cik": "0001835632",
    "fillingDate": "2015-01-31",
    "acceptedDate": "2015-01-31 00:00:00",
    "calendarYear": "2015",
    "period": "Q4",
    "revenue": 857452000,
    "costOfRevenue": 417131000,
    "grossProfit": 440321000,
    "grossProfitRatio": 0.5135226228,
    "researchAndDevelopmentExpenses": 285497000,
    "generalAndAdministrativeExpenses": 34651000,
    "sellingAndMarketingExpenses": 37235000,
    "sellingGeneralAndAdministrativeExpenses": 71886000,
    "otherExpenses": 0,
    "operatingExpenses": 360483000,
    "costAndExpenses": 777614000,
    "interestIncome": 0,
    "interestExpense": 0,
    "depreciationAndAmortization": 30049000,
    "ebitda": 160857000,
    "ebitdaratio": 0.1281552787,
    "operatingIncome": 79838000,
    "operatingIncomeRatio": 0.0931107514,
    "totalOtherIncomeExpensesNet": -46588000,
    "incomeBeforeTax": 84220000,
    "incomeBeforeTaxRatio": 0.0982212415,
    "incomeTaxExpense": 2527000,
    "netIncome": 81693000,
    "netIncomeRatio": 0.0952741378,
    "eps": 0.16,
    "epsdiluted": 0.16,
    "weightedAverageShsOut": 513574000,
    "weightedAverageShsOutDil": 522112000,
    "link": null,
    "finalLink": null
  },
  {
    "date": "2014-10-31",
    "symbol": "MRVL",
    "reportedCurrency": "USD",
    "cik": "0001835632",
    "fillingDate": "2014-10-31",
    "acceptedDate": "2014-10-31 00:00:00",
    "calendarYear": "2015",
    "period": "Q3",
    "revenue": 930136000,
    "costOfRevenue": 454974000,
    "grossProfit": 475162000,
    "grossProfitRatio": 0.5108521765,
    "researchAndDevelopmentExpenses": 288435000,
    "generalAndAdministrativeExpenses": 33473000,
    "sellingAndMarketingExpenses": 34410000,
    "sellingGeneralAndAdministrativeExpenses": 67883000,
    "otherExpenses": 458278000,
    "operatingExpenses": 359622000,
    "costAndExpenses": 814596000,
    "interestIncome": 2599000,
    "interestExpense": -2165000,
    "depreciationAndAmortization": 30304000,
    "ebitda": 145844000,
    "ebitdaratio": 0.1567985757,
    "operatingIncome": 115540000,
    "operatingIncomeRatio": 0.1242183939,
    "totalOtherIncomeExpensesNet": 3562000,
    "incomeBeforeTax": 120304000,
    "incomeBeforeTaxRatio": 0.1293402255,
    "incomeTaxExpense": 5000000,
    "netIncome": 115304000,
    "netIncomeRatio": 0.1239646675,
    "eps": 0.22,
    "epsdiluted": 0.22,
    "weightedAverageShsOut": 513859000,
    "weightedAverageShsOutDil": 519907000,
    "link": null,
    "finalLink": null
  },
  {
    "date": "2014-07-31",
    "symbol": "MRVL",
    "reportedCurrency": "USD",
    "cik": "0001835632",
    "fillingDate": "2014-07-31",
    "acceptedDate": "2014-07-31 00:00:00",
    "calendarYear": "2015",
    "period": "Q2",
    "revenue": 961545000,
    "costOfRevenue": 477741000,
    "grossProfit": 483804000,
    "grossProfitRatio": 0.5031527386,
    "researchAndDevelopmentExpenses": 294764000,
    "generalAndAdministrativeExpenses": 31333000,
    "sellingAndMarketingExpenses": 33949000,
    "sellingGeneralAndAdministrativeExpenses": 65282000,
    "otherExpenses": 3304000,
    "operatingExpenses": 363350000,
    "costAndExpenses": 841091000,
    "interestIncome": 2005999,
    "interestExpense": -10257001,
    "depreciationAndAmortization": 30052000,
    "ebitda": 150506000,
    "ebitdaratio": 0.1565251756,
    "operatingIncome": 120454000,
    "operatingIncomeRatio": 0.1252713082,
    "totalOtherIncomeExpensesNet": 11528000,
    "incomeBeforeTax": 132717000,
    "incomeBeforeTaxRatio": 0.1380247414,
    "incomeTaxExpense": -6153000,
    "netIncome": 138870000,
    "netIncomeRatio": 0.1444238179,
    "eps": 0.27,
    "epsdiluted": 0.27,
    "weightedAverageShsOut": 511821000,
    "weightedAverageShsOutDil": 520269000,
    "link": null,
    "finalLink": null
  },
  {
    "date": "2014-04-30",
    "symbol": "MRVL",
    "reportedCurrency": "USD",
    "cik": "0001835632",
    "fillingDate": "2014-04-30",
    "acceptedDate": "2014-04-30 00:00:00",
    "calendarYear": "2015",
    "period": "Q1",
    "revenue": 957830000,
    "costOfRevenue": 493860000,
    "grossProfit": 463970000,
    "grossProfitRatio": 0.4843970224,
    "researchAndDevelopmentExpenses": 295363000,
    "generalAndAdministrativeExpenses": 30573000,
    "sellingAndMarketingExpenses": 38358000,
    "sellingGeneralAndAdministrativeExpenses": 68931000,
    "otherExpenses": 6689000,
    "operatingExpenses": 370983000,
    "costAndExpenses": 864843000,
    "interestIncome": 2284000,
    "interestExpense": 359000,
    "depreciationAndAmortization": 34180000,
    "ebitda": 127167000,
    "ebitdaratio": 0.1327657309,
    "operatingIncome": 92987000,
    "operatingIncomeRatio": 0.0970809016,
    "totalOtherIncomeExpensesNet": -6549000,
    "incomeBeforeTax": 94912000,
    "incomeBeforeTaxRatio": 0.0990906528,
    "incomeTaxExpense": -4567000,
    "netIncome": 99479000,
    "netIncomeRatio": 0.1038587223,
    "eps": 0.2,
    "epsdiluted": 0.19,
    "weightedAverageShsOut": 505105000,
    "weightedAverageShsOutDil": 520751000,
    "link": null,
    "finalLink": null
  },
  {
    "date": "2014-01-31",
    "symbol": "MRVL",
    "reportedCurrency": "USD",
    "cik": "0001835632",
    "fillingDate": "2014-01-31",
    "acceptedDate": "2014-01-31 00:00:00",
    "calendarYear": "2014",
    "period": "Q4",
    "revenue": 931749000,
    "costOfRevenue": 467752000,
    "grossProfit": 463997000,
    "grossProfitRatio": 0.4979849723,
    "researchAndDevelopmentExpenses": 288900000,
    "generalAndAdministrativeExpenses": 26367000,
    "sellingAndMarketingExpenses": 36665000,
    "sellingGeneralAndAdministrativeExpenses": 63032000,
    "otherExpenses": 11956000,
    "operatingExpenses": 363888000,
    "costAndExpenses": 831640000,
    "interestIncome": 4523000,
    "interestExpense": -8094000,
    "depreciationAndAmortization": 38213000,
    "ebitda": 138322000,
    "ebitdaratio": 0.1484541438,
    "operatingIncome": 100109000,
    "operatingIncomeRatio": 0.1074420257,
    "totalOtherIncomeExpensesNet": 13899000,
    "incomeBeforeTax": 112726000,
    "incomeBeforeTaxRatio": 0.1209832262,
    "incomeTaxExpense": 6097000,
    "netIncome": 106629000,
    "netIncomeRatio": 0.1144396184,
    "eps": 0.21,
    "epsdiluted": 0.21,
    "weightedAverageShsOut": 497620000,
    "weightedAverageShsOutDil": 510449000,
    "link": null,
    "finalLink": null
  },
  {
    "date": "2013-10-31",
    "symbol": "MRVL",
    "reportedCurrency": "USD",
    "cik": "0001835632",
    "fillingDate": "2013-10-31",
    "acceptedDate": "2013-10-31 00:00:00",
    "calendarYear": "2014",
    "period": "Q3",
    "revenue": 931226000,
    "costOfRevenue": 464981000,
    "grossProfit": 466245000,
    "grossProfitRatio": 0.5006786752,
    "researchAndDevelopmentExpenses": 296291000,
    "generalAndAdministrativeExpenses": 26589000,
    "sellingAndMarketingExpenses": 37496000,
    "sellingGeneralAndAdministrativeExpenses": 64085000,
    "otherExpenses": 10645000,
    "operatingExpenses": 371021000,
    "costAndExpenses": 836002000,
    "interestIncome": 1156000,
    "interestExpense": -380000,
    "depreciationAndAmortization": 36558000,
    "ebitda": 135990000,
    "ebitdaratio": 0.1415145196,
    "operatingIncome": 95224000,
    "operatingIncomeRatio": 0.1022565951,
    "totalOtherIncomeExpensesNet": 1536000,
    "incomeBeforeTax": 96760000,
    "incomeBeforeTaxRatio": 0.1039060336,
    "incomeTaxExpense": -6396000,
    "netIncome": 103156000,
    "netIncomeRatio": 0.1107743985,
    "eps": 0.21,
    "epsdiluted": 0.21,
    "weightedAverageShsOut": 491979000,
    "weightedAverageShsOutDil": 501189000,
    "link": null,
    "finalLink": null
  },
  {
    "date": "2013-07-31",
    "symbol": "MRVL",
    "reportedCurrency": "USD",
    "cik": "0001835632",
    "fillingDate": "2013-07-31",
    "acceptedDate": "2013-07-31 00:00:00",
    "calendarYear": "2014",
    "period": "Q2",
    "revenue": 807056000,
    "costOfRevenue": 386059000,
    "grossProfit": 420997000,
    "grossProfitRatio": 0.5216453381,
    "researchAndDevelopmentExpenses": 292642000,
    "generalAndAdministrativeExpenses": 27192000,
    "sellingAndMarketingExpenses": 38548000,
    "sellingGeneralAndAdministrativeExpenses": 65740000,
    "otherExpenses": 10638000,
    "operatingExpenses": 369020000,
    "costAndExpenses": 755079000,
    "interestIncome": 8086000,
    "interestExpense": -167000,
    "depreciationAndAmortization": 36335000,
    "ebitda": 88490000,
    "ebitdaratio": 0.1094248726,
    "operatingIncome": 51977000,
    "operatingIncomeRatio": 0.0644032137,
    "totalOtherIncomeExpensesNet": 8253000,
    "incomeBeforeTax": 60230000,
    "incomeBeforeTaxRatio": 0.0746292698,
    "incomeTaxExpense": -1596000,
    "netIncome": 61826000,
    "netIncomeRatio": 0.0766068278,
    "eps": 0.13,
    "epsdiluted": 0.12,
    "weightedAverageShsOut": 494293000,
    "weightedAverageShsOutDil": 500625000,
    "link": null,
    "finalLink": null
  },
  {
    "date": "2013-04-30",
    "symbol": "MRVL",
    "reportedCurrency": "USD",
    "cik": "0001835632",
    "fillingDate": "2013-04-30",
    "acceptedDate": "2013-04-30 00:00:00",
    "calendarYear": "2014",
    "period": "Q1",
    "revenue": 734369000,
    "costOfRevenue": 335438000,
    "grossProfit": 398931000,
    "grossProfitRatio": 0.5432296298,
    "researchAndDevelopmentExpenses": 279052000,
    "generalAndAdministrativeExpenses": 26323000,
    "sellingAndMarketingExpenses": 39989000,
    "sellingGeneralAndAdministrativeExpenses": 66312000,
    "otherExpenses": 10686000,
    "operatingExpenses": 356050000,
    "costAndExpenses": 691488000,
    "interestIncome": 2784000,
    "interestExpense": -376000,
    "depreciationAndAmortization": 35652000,
    "ebitda": 78761000,
    "ebitdaratio": 0.1069394269,
    "operatingIncome": 42881000,
    "operatingIncomeRatio": 0.058391626,
    "totalOtherIncomeExpensesNet": 3160000,
    "incomeBeforeTax": 46041000,
    "incomeBeforeTaxRatio": 0.0626946399,
    "incomeTaxExpense": -7168000,
    "netIncome": 53209000,
    "netIncomeRatio": 0.0724554005,
    "eps": 0.11,
    "epsdiluted": 0.11,
    "weightedAverageShsOut": 502180000,
    "weightedAverageShsOutDil": 505387000,
    "link": null,
    "finalLink": null
  },
  {
    "date": "2013-01-31",
    "symbol": "MRVL",
    "reportedCurrency": "USD",
    "cik": "0001835632",
    "fillingDate": "2013-01-31",
    "acceptedDate": "2013-01-31 00:00:00",
    "calendarYear": "2013",
    "period": "Q4",
    "revenue": 775294000,
    "costOfRevenue": 370833000,
    "grossProfit": 404461000,
    "grossProfitRatio": 0.5216872567,
    "researchAndDevelopmentExpenses": 273685000,
    "generalAndAdministrativeExpenses": 32577000,
    "sellingAndMarketingExpenses": 42319000,
    "sellingGeneralAndAdministrativeExpenses": 74896000,
    "otherExpenses": 12268000,
    "operatingExpenses": 360849000,
    "costAndExpenses": 731682000,
    "interestIncome": 2925000,
    "interestExpense": -3300000,
    "depreciationAndAmortization": 38495000,
    "ebitda": 87961000,
    "ebitdaratio": 0.1059043408,
    "operatingIncome": 43612000,
    "operatingIncomeRatio": 0.0562522088,
    "totalOtherIncomeExpensesNet": 6225000,
    "incomeBeforeTax": 49837000,
    "incomeBeforeTaxRatio": 0.064281421,
    "incomeTaxExpense": -315000,
    "netIncome": 50152000,
    "netIncomeRatio": 0.0646877185,
    "eps": 0.1,
    "epsdiluted": 0.09,
    "weightedAverageShsOut": 525804000,
    "weightedAverageShsOutDil": 528082000,
    "link": null,
    "finalLink": null
  },
  {
    "date": "2012-10-31",
    "symbol": "MRVL",
    "reportedCurrency": "USD",
    "cik": "0001835632",
    "fillingDate": "2012-10-31",
    "acceptedDate": "2012-10-31 00:00:00",
    "calendarYear": "2013",
    "period": "Q3",
    "revenue": 780881000,
    "costOfRevenue": 374503000,
    "grossProfit": 406378000,
    "grossProfitRatio": 0.5204096399,
    "researchAndDevelopmentExpenses": 263615000,
    "generalAndAdministrativeExpenses": 24514000,
    "sellingAndMarketingExpenses": 38398000,
    "sellingGeneralAndAdministrativeExpenses": 62912000,
    "otherExpenses": 13054000,
    "operatingExpenses": 339581000,
    "costAndExpenses": 714084000,
    "interestIncome": 2387000,
    "interestExpense": 0,
    "depreciationAndAmortization": 35371000,
    "ebitda": 102297000,
    "ebitdaratio": 0.1308368369,
    "operatingIncome": 66797000,
    "operatingIncomeRatio": 0.0855405625,
    "totalOtherIncomeExpensesNet": 2387000,
    "incomeBeforeTax": 69184000,
    "incomeBeforeTaxRatio": 0.0885973663,
    "incomeTaxExpense": 368000,
    "netIncome": 68816000,
    "netIncomeRatio": 0.0881261037,
    "eps": 0.12,
    "epsdiluted": 0.12,
    "weightedAverageShsOut": 553049000,
    "weightedAverageShsOutDil": 559348000,
    "link": null,
    "finalLink": null
  },
  {
    "date": "2012-07-31",
    "symbol": "MRVL",
    "reportedCurrency": "USD",
    "cik": "0001835632",
    "fillingDate": "2012-07-31",
    "acceptedDate": "2012-07-31 00:00:00",
    "calendarYear": "2013",
    "period": "Q2",
    "revenue": 816104000,
    "costOfRevenue": 381839000,
    "grossProfit": 434265000,
    "grossProfitRatio": 0.5321196808,
    "researchAndDevelopmentExpenses": 264175000,
    "generalAndAdministrativeExpenses": 25718000,
    "sellingAndMarketingExpenses": 41034000,
    "sellingGeneralAndAdministrativeExpenses": 66752000,
    "otherExpenses": 13023000,
    "operatingExpenses": 343950000,
    "costAndExpenses": 725789000,
    "interestIncome": 0,
    "interestExpense": 0,
    "depreciationAndAmortization": 34308000,
    "ebitda": 124623000,
    "ebitdaratio": 0.1527048023,
    "operatingIncome": 90315000,
    "operatingIncomeRatio": 0.1106660426,
    "totalOtherIncomeExpensesNet": 5864000,
    "incomeBeforeTax": 96179000,
    "incomeBeforeTaxRatio": 0.1178514013,
    "incomeTaxExpense": 3105000,
    "netIncome": 93074000,
    "netIncomeRatio": 0.1140467391,
    "eps": 0.17,
    "epsdiluted": 0.16,
    "weightedAverageShsOut": 562362000,
    "weightedAverageShsOutDil": 570325000,
    "link": null,
    "finalLink": null
  },
  {
    "date": "2012-04-30",
    "symbol": "MRVL",
    "reportedCurrency": "USD",
    "cik": "0001835632",
    "fillingDate": "2012-04-30",
    "acceptedDate": "2012-04-30 00:00:00",
    "calendarYear": "2013",
    "period": "Q1",
    "revenue": 796351000,
    "costOfRevenue": 366322000,
    "grossProfit": 430029000,
    "grossProfitRatio": 0.5399993219,
    "researchAndDevelopmentExpenses": 255970000,
    "generalAndAdministrativeExpenses": 25705000,
    "sellingAndMarketingExpenses": 40066000,
    "sellingGeneralAndAdministrativeExpenses": 65771000,
    "otherExpenses": 14355000,
    "operatingExpenses": 336096000,
    "costAndExpenses": 702418000,
    "interestIncome": 0,
    "interestExpense": 0,
    "depreciationAndAmortization": 35554000,
    "ebitda": 129487000,
    "ebitdaratio": 0.1626004111,
    "operatingIncome": 93933000,
    "operatingIncomeRatio": 0.1179542689,
    "totalOtherIncomeExpensesNet": 1057000,
    "incomeBeforeTax": 94990000,
    "incomeBeforeTaxRatio": 0.1192815731,
    "incomeTaxExpense": 447000,
    "netIncome": 94543000,
    "netIncomeRatio": 0.1187202628,
    "eps": 0.16,
    "epsdiluted": 0.16,
    "weightedAverageShsOut": 580024000,
    "weightedAverageShsOutDil": 594739000,
    "link": null,
    "finalLink": null
  },
  {
    "date": "2012-01-31",
    "symbol": "MRVL",
    "reportedCurrency": "USD",
    "cik": "0001835632",
    "fillingDate": "2012-01-31",
    "acceptedDate": "2012-01-31 00:00:00",
    "calendarYear": "2012",
    "period": "Q4",
    "revenue": 742701000,
    "costOfRevenue": 341113000,
    "grossProfit": 401588000,
    "grossProfitRatio": 0.5407128845,
    "researchAndDevelopmentExpenses": 255282000,
    "generalAndAdministrativeExpenses": 23184000,
    "sellingAndMarketingExpenses": 40392000,
    "sellingGeneralAndAdministrativeExpenses": 63576000,
    "otherExpenses": 12723000,
    "operatingExpenses": 331581000,
    "costAndExpenses": 672694000,
    "interestIncome": 0,
    "interestExpense": 0,
    "depreciationAndAmortization": 34524000,
    "ebitda": 104531000,
    "ebitdaratio": 0.1407443911,
    "operatingIncome": 70007000,
    "operatingIncomeRatio": 0.094260005,
    "totalOtherIncomeExpensesNet": 5338000,
    "incomeBeforeTax": 75345000,
    "incomeBeforeTaxRatio": 0.101447285,
    "incomeTaxExpense": -5372000,
    "netIncome": 80717000,
    "netIncomeRatio": 0.1086803438,
    "eps": 0.14,
    "epsdiluted": 0.13,
    "weightedAverageShsOut": 583466000,
    "weightedAverageShsOutDil": 599300000,
    "link": null,
    "finalLink": null
  },
  {
    "date": "2011-10-31",
    "symbol": "MRVL",
    "reportedCurrency": "USD",
    "cik": "0001835632",
    "fillingDate": "2011-10-31",
    "acceptedDate": "2011-10-31 00:00:00",
    "calendarYear": "2012",
    "period": "Q3",
    "revenue": 950417000,
    "costOfRevenue": 412100000,
    "grossProfit": 538317000,
    "grossProfitRatio": 0.5664008535,
    "researchAndDevelopmentExpenses": 266255000,
    "generalAndAdministrativeExpenses": 29021000,
    "sellingAndMarketingExpenses": 40500000,
    "sellingGeneralAndAdministrativeExpenses": 69521000,
    "otherExpenses": 11155000,
    "operatingExpenses": 346931000,
    "costAndExpenses": 759031000,
    "interestIncome": 0,
    "interestExpense": 0,
    "depreciationAndAmortization": 31334000,
    "ebitda": 222720000,
    "ebitdaratio": 0.2343392427,
    "operatingIncome": 191386000,
    "operatingIncomeRatio": 0.2013705563,
    "totalOtherIncomeExpensesNet": 7729000,
    "incomeBeforeTax": 199115000,
    "incomeBeforeTaxRatio": 0.2095027761,
    "incomeTaxExpense": 3994000,
    "netIncome": 195121000,
    "netIncomeRatio": 0.2053004102,
    "eps": 0.32,
    "epsdiluted": 0.32,
    "weightedAverageShsOut": 600504000,
    "weightedAverageShsOutDil": 613499000,
    "link": null,
    "finalLink": null
  },
  {
    "date": "2011-07-31",
    "symbol": "MRVL",
    "reportedCurrency": "USD",
    "cik": "0001835632",
    "fillingDate": "2011-07-31",
    "acceptedDate": "2011-07-31 00:00:00",
    "calendarYear": "2012",
    "period": "Q2",
    "revenue": 897520000,
    "costOfRevenue": 378117000,
    "grossProfit": 519403000,
    "grossProfitRatio": 0.5787091095,
    "researchAndDevelopmentExpenses": 249604000,
    "generalAndAdministrativeExpenses": 23631000,
    "sellingAndMarketingExpenses": 40390000,
    "sellingGeneralAndAdministrativeExpenses": 64021000,
    "otherExpenses": 11138000,
    "operatingExpenses": 324763000,
    "costAndExpenses": 702880000,
    "interestIncome": 2064000,
    "interestExpense": 0,
    "depreciationAndAmortization": 33575000,
    "ebitda": 228215000,
    "ebitdaratio": 0.2542728853,
    "operatingIncome": 194640000,
    "operatingIncomeRatio": 0.2168642482,
    "totalOtherIncomeExpensesNet": 2064000,
    "incomeBeforeTax": 196704000,
    "incomeBeforeTaxRatio": 0.2191639184,
    "incomeTaxExpense": 4312000,
    "netIncome": 192392000,
    "netIncomeRatio": 0.2143595686,
    "eps": 0.32,
    "epsdiluted": 0.31,
    "weightedAverageShsOut": 608511000,
    "weightedAverageShsOutDil": 623132000,
    "link": null,
    "finalLink": null
  },
  {
    "date": "2011-04-30",
    "symbol": "MRVL",
    "reportedCurrency": "USD",
    "cik": "0001835632",
    "fillingDate": "2011-04-30",
    "acceptedDate": "2011-04-30 00:00:00",
    "calendarYear": "2012",
    "period": "Q1",
    "revenue": 802402000,
    "costOfRevenue": 334475000,
    "grossProfit": 467927000,
    "grossProfitRatio": 0.5831578186,
    "researchAndDevelopmentExpenses": 242537000,
    "generalAndAdministrativeExpenses": 24784000,
    "sellingAndMarketingExpenses": 38152000,
    "sellingGeneralAndAdministrativeExpenses": 62936000,
    "otherExpenses": 14341000,
    "operatingExpenses": 319814000,
    "costAndExpenses": 654289000,
    "interestIncome": -27000,
    "interestExpense": 191000,
    "depreciationAndAmortization": 38378000,
    "ebitda": 186491000,
    "ebitdaratio": 0.2326876055,
    "operatingIncome": 148113000,
    "operatingIncomeRatio": 0.1845870275,
    "totalOtherIncomeExpensesNet": -218000,
    "incomeBeforeTax": 147895000,
    "incomeBeforeTaxRatio": 0.1843153432,
    "incomeTaxExpense": 1034000,
    "netIncome": 146861000,
    "netIncomeRatio": 0.1830267123,
    "eps": 0.23,
    "epsdiluted": 0.22,
    "weightedAverageShsOut": 638946000,
    "weightedAverageShsOutDil": 657140000,
    "link": null,
    "finalLink": null
  },
  {
    "date": "2011-01-31",
    "symbol": "MRVL",
    "reportedCurrency": "USD",
    "cik": "0001835632",
    "fillingDate": "2011-01-31",
    "acceptedDate": "2011-01-31 00:00:00",
    "calendarYear": "2011",
    "period": "Q4",
    "revenue": 900513000,
    "costOfRevenue": 371799000,
    "grossProfit": 528714000,
    "grossProfitRatio": 0.5871253386,
    "researchAndDevelopmentExpenses": 231836000,
    "generalAndAdministrativeExpenses": 26706000,
    "sellingAndMarketingExpenses": 40444000,
    "sellingGeneralAndAdministrativeExpenses": 67150000,
    "otherExpenses": 14005000,
    "operatingExpenses": 312991000,
    "costAndExpenses": 684790000,
    "interestIncome": 9414000,
    "interestExpense": 21000,
    "depreciationAndAmortization": 38204000,
    "ebitda": 264423000,
    "ebitdaratio": 0.2936359608,
    "operatingIncome": 215723000,
    "operatingIncomeRatio": 0.2395556755,
    "totalOtherIncomeExpensesNet": 10475000,
    "incomeBeforeTax": 226198000,
    "incomeBeforeTaxRatio": 0.251187934,
    "incomeTaxExpense": 3345000,
    "netIncome": 222853000,
    "netIncomeRatio": 0.2474733846,
    "eps": 0.34,
    "epsdiluted": 0.33,
    "weightedAverageShsOut": 648347000,
    "weightedAverageShsOutDil": 676878000,
    "link": null,
    "finalLink": null
  },
  {
    "date": "2010-10-31",
    "symbol": "MRVL",
    "reportedCurrency": "USD",
    "cik": "0001835632",
    "fillingDate": "2010-10-31",
    "acceptedDate": "2010-10-31 00:00:00",
    "calendarYear": "2011",
    "period": "Q3",
    "revenue": 959327000,
    "costOfRevenue": 390808000,
    "grossProfit": 568519000,
    "grossProfitRatio": 0.5926227449,
    "researchAndDevelopmentExpenses": 218420000,
    "generalAndAdministrativeExpenses": 29576000,
    "sellingAndMarketingExpenses": 39751000,
    "sellingGeneralAndAdministrativeExpenses": 69327000,
    "otherExpenses": 21770000,
    "operatingExpenses": 309517000,
    "costAndExpenses": 700325000,
    "interestIncome": -1634000,
    "interestExpense": 31000,
    "depreciationAndAmortization": 44910000,
    "ebitda": 303912000,
    "ebitdaratio": 0.3185326797,
    "operatingIncome": 259002000,
    "operatingIncomeRatio": 0.2699830193,
    "totalOtherIncomeExpensesNet": -1665000,
    "incomeBeforeTax": 257337000,
    "incomeBeforeTaxRatio": 0.2682474276,
    "incomeTaxExpense": 1605000,
    "netIncome": 255732000,
    "netIncomeRatio": 0.2665743797,
    "eps": 0.39,
    "epsdiluted": 0.38,
    "weightedAverageShsOut": 649782000,
    "weightedAverageShsOutDil": 674789000,
    "link": null,
    "finalLink": null
  },
  {
    "date": "2010-07-31",
    "symbol": "MRVL",
    "reportedCurrency": "USD",
    "cik": "0001835632",
    "fillingDate": "2010-07-31",
    "acceptedDate": "2010-07-31 00:00:00",
    "calendarYear": "2011",
    "period": "Q2",
    "revenue": 896474000,
    "costOfRevenue": 366682000,
    "grossProfit": 529792000,
    "grossProfitRatio": 0.590973079,
    "researchAndDevelopmentExpenses": 228211000,
    "generalAndAdministrativeExpenses": 25440000,
    "sellingAndMarketingExpenses": 36863000,
    "sellingGeneralAndAdministrativeExpenses": 62303000,
    "otherExpenses": 21214000,
    "operatingExpenses": 311728000,
    "costAndExpenses": 678410000,
    "interestIncome": 4253000,
    "interestExpense": 41000,
    "depreciationAndAmortization": 43987000,
    "ebitda": 257839000,
    "ebitdaratio": 0.2876145878,
    "operatingIncome": 218064000,
    "operatingIncomeRatio": 0.2432463184,
    "totalOtherIncomeExpensesNet": 4212000,
    "incomeBeforeTax": 222276000,
    "incomeBeforeTaxRatio": 0.2479447257,
    "incomeTaxExpense": 2499000,
    "netIncome": 219777000,
    "netIncomeRatio": 0.2451571379,
    "eps": 0.34,
    "epsdiluted": 0.33,
    "weightedAverageShsOut": 648028000,
    "weightedAverageShsOutDil": 675220000,
    "link": null,
    "finalLink": null
  },
  {
    "date": "2010-04-30",
    "symbol": "MRVL",
    "reportedCurrency": "USD",
    "cik": "0001835632",
    "fillingDate": "2010-04-30",
    "acceptedDate": "2010-04-30 00:00:00",
    "calendarYear": "2011",
    "period": "Q1",
    "revenue": 855579000,
    "costOfRevenue": 343985000,
    "grossProfit": 511594000,
    "grossProfitRatio": 0.5979506276,
    "researchAndDevelopmentExpenses": 219111000,
    "generalAndAdministrativeExpenses": 23108000,
    "sellingAndMarketingExpenses": 38423000,
    "sellingGeneralAndAdministrativeExpenses": 61531000,
    "otherExpenses": 22549000,
    "operatingExpenses": 303191000,
    "costAndExpenses": 647176000,
    "interestIncome": 0,
    "interestExpense": 51000,
    "depreciationAndAmortization": 45627000,
    "ebitda": 257782000,
    "ebitdaratio": 0.3012953801,
    "operatingIncome": 208403000,
    "operatingIncomeRatio": 0.2435812473,
    "totalOtherIncomeExpensesNet": -3752000,
    "incomeBeforeTax": 204651000,
    "incomeBeforeTaxRatio": 0.2391959129,
    "incomeTaxExpense": -1116000,
    "netIncome": 205767000,
    "netIncomeRatio": 0.2405002928,
    "eps": 0.32,
    "epsdiluted": 0.3,
    "weightedAverageShsOut": 640926000,
    "weightedAverageShsOutDil": 678059000,
    "link": null,
    "finalLink": null
  },
  {
    "date": "2010-01-31",
    "symbol": "MRVL",
    "reportedCurrency": "USD",
    "cik": "0001835632",
    "fillingDate": "2010-01-31",
    "acceptedDate": "2010-01-31 00:00:00",
    "calendarYear": "2010",
    "period": "Q4",
    "revenue": 842535000,
    "costOfRevenue": 339790000,
    "grossProfit": 502745000,
    "grossProfitRatio": 0.5967051814,
    "researchAndDevelopmentExpenses": 213024000,
    "generalAndAdministrativeExpenses": 22506000,
    "sellingAndMarketingExpenses": 37144000,
    "sellingGeneralAndAdministrativeExpenses": 59650000,
    "otherExpenses": 24282000,
    "operatingExpenses": 296956000,
    "costAndExpenses": 636746000,
    "interestIncome": 10727000,
    "interestExpense": 60000,
    "depreciationAndAmortization": 48520000,
    "ebitda": 264618000,
    "ebitdaratio": 0.3140735993,
    "operatingIncome": 205789000,
    "operatingIncomeRatio": 0.2442497938,
    "totalOtherIncomeExpensesNet": 10249000,
    "incomeBeforeTax": 216038000,
    "incomeBeforeTaxRatio": 0.2564142736,
    "incomeTaxExpense": 11217000,
    "netIncome": 204821000,
    "netIncomeRatio": 0.2431008801,
    "eps": 0.33,
    "epsdiluted": 0.31,
    "weightedAverageShsOut": 623934000,
    "weightedAverageShsOutDil": 653741000,
    "link": null,
    "finalLink": null
  },
  {
    "date": "2009-10-31",
    "symbol": "MRVL",
    "reportedCurrency": "USD",
    "cik": "0001835632",
    "fillingDate": "2009-10-31",
    "acceptedDate": "2009-10-31 00:00:00",
    "calendarYear": "2010",
    "period": "Q3",
    "revenue": 803098000,
    "costOfRevenue": 341617000,
    "grossProfit": 461481000,
    "grossProfitRatio": 0.5746260108,
    "researchAndDevelopmentExpenses": 212873000,
    "generalAndAdministrativeExpenses": 16660000,
    "sellingAndMarketingExpenses": 35442000,
    "sellingGeneralAndAdministrativeExpenses": 52102000,
    "otherExpenses": 26450000,
    "operatingExpenses": 291425000,
    "costAndExpenses": 633042000,
    "interestIncome": 0,
    "interestExpense": 70000,
    "depreciationAndAmortization": 51021000,
    "ebitda": 222450000,
    "ebitdaratio": 0.2769898568,
    "operatingIncome": 170056000,
    "operatingIncomeRatio": 0.2117499981,
    "totalOtherIncomeExpensesNet": -1373000,
    "incomeBeforeTax": 168683000,
    "incomeBeforeTaxRatio": 0.2100403687,
    "incomeTaxExpense": -32916000,
    "netIncome": 201599000,
    "netIncomeRatio": 0.2510266493,
    "eps": 0.32,
    "epsdiluted": 0.31,
    "weightedAverageShsOut": 623613000,
    "weightedAverageShsOutDil": 659739000,
    "link": null,
    "finalLink": null
  }
]