[
  {
    "date": "2024-06-30",
    "symbol": "SUMCF",
    "reportedCurrency": "JPY",
    "cik": "0000000000",
    "fillingDate": "2024-06-30",
    "acceptedDate": "2024-06-28 20:00:00",
    "calendarYear": "2024",
    "period": "Q2",
    "revenue": 104759000000,
    "costOfRevenue": 84211000000,
    "grossProfit": 20548000000,
    "grossProfitRatio": 0.1961454386,
    "researchAndDevelopmentExpenses": 2146000000,
    "generalAndAdministrativeExpenses": 8868000000,
    "sellingAndMarketingExpenses": -2146000000,
    "sellingGeneralAndAdministrativeExpenses": 6722000000,
    "otherExpenses": 1000000,
    "operatingExpenses": 8868000000,
    "costAndExpenses": 92630000000,
    "interestIncome": 585000000,
    "interestExpense": 691000000,
    "depreciationAndAmortization": 17645000000,
    "ebitda": 29648000000,
    "ebitdaratio": 0.2842142441,
    "operatingIncome": 12129000000,
    "operatingIncomeRatio": 0.1157800284,
    "totalOtherIncomeExpensesNet": -792000000,
    "incomeBeforeTax": 11337000000,
    "incomeBeforeTaxRatio": 0.1082198188,
    "incomeTaxExpense": 2895000000,
    "netIncome": 7559000000,
    "netIncomeRatio": 0.0721560916,
    "eps": 21.62,
    "epsdiluted": 21.62,
    "weightedAverageShsOut": 349708098,
    "weightedAverageShsOutDil": 349708098,
    "link": null,
    "finalLink": null
  },
  {
    "date": "2024-03-31",
    "symbol": "SUMCF",
    "reportedCurrency": "JPY",
    "cik": "0000000000",
    "fillingDate": "2024-03-31",
    "acceptedDate": "2024-03-30 20:00:00",
    "calendarYear": "2024",
    "period": "Q1",
    "revenue": 93514000000,
    "costOfRevenue": 76765000000,
    "grossProfit": 16749000000,
    "grossProfitRatio": 0.1791068717,
    "researchAndDevelopmentExpenses": 1810000000,
    "generalAndAdministrativeExpenses": 8481000000,
    "sellingAndMarketingExpenses": -1810000000,
    "sellingGeneralAndAdministrativeExpenses": 6671000000,
    "otherExpenses": 13000000,
    "operatingExpenses": 8481000000,
    "costAndExpenses": 85246000000,
    "interestIncome": 475000000,
    "interestExpense": 410000000,
    "depreciationAndAmortization": 17842000000,
    "ebitda": 26110000000,
    "ebitdaratio": 0.2792095301,
    "operatingIncome": 8268000000,
    "operatingIncomeRatio": 0.0884145689,
    "totalOtherIncomeExpensesNet": 409000000,
    "incomeBeforeTax": 9104000000,
    "incomeBeforeTaxRatio": 0.0973544068,
    "incomeTaxExpense": 3010000000,
    "netIncome": 5055000000,
    "netIncomeRatio": 0.0540560772,
    "eps": 14.46,
    "epsdiluted": 14.46,
    "weightedAverageShsOut": 349687397,
    "weightedAverageShsOutDil": 349687397,
    "link": null,
    "finalLink": null
  },
  {
    "date": "2023-12-31",
    "symbol": "SUMCF",
    "reportedCurrency": "JPY",
    "cik": "0000000000",
    "fillingDate": "2023-12-31",
    "acceptedDate": "2023-12-29 19:00:00",
    "calendarYear": "2023",
    "period": "Q4",
    "revenue": 105090000000,
    "costOfRevenue": 84855000000,
    "grossProfit": 20235000000,
    "grossProfitRatio": 0.1925492435,
    "researchAndDevelopmentExpenses": 2263000000,
    "generalAndAdministrativeExpenses": 9011000000,
    "sellingAndMarketingExpenses": 5611000000,
    "sellingGeneralAndAdministrativeExpenses": 6748000000,
    "otherExpenses": -54000000,
    "operatingExpenses": 9011000000,
    "costAndExpenses": 93866000000,
    "interestIncome": 493000000,
    "interestExpense": 406000000,
    "depreciationAndAmortization": 21655000000,
    "ebitda": 32879000000,
    "ebitdaratio": 0.3128651632,
    "operatingIncome": 11224000000,
    "operatingIncomeRatio": 0.1068036921,
    "totalOtherIncomeExpensesNet": -2591000000,
    "incomeBeforeTax": 8634000000,
    "incomeBeforeTaxRatio": 0.0821581502,
    "incomeTaxExpense": 2025000000,
    "netIncome": 4947000000,
    "netIncomeRatio": 0.0470739366,
    "eps": 14.15,
    "epsdiluted": 14.15,
    "weightedAverageShsOut": 349687178,
    "weightedAverageShsOutDil": 349687178,
    "link": null,
    "finalLink": null
  },
  {
    "date": "2023-09-30",
    "symbol": "SUMCF",
    "reportedCurrency": "JPY",
    "cik": "0000000000",
    "fillingDate": "2023-09-30",
    "acceptedDate": "2023-09-29 20:00:00",
    "calendarYear": "2023",
    "period": "Q3",
    "revenue": 100192000000,
    "costOfRevenue": 76465000000,
    "grossProfit": 23727000000,
    "grossProfitRatio": 0.2368153146,
    "researchAndDevelopmentExpenses": 2155000000,
    "generalAndAdministrativeExpenses": 8657000000,
    "sellingAndMarketingExpenses": -2155000000,
    "sellingGeneralAndAdministrativeExpenses": 6502000000,
    "otherExpenses": 305000000,
    "operatingExpenses": 8657000000,
    "costAndExpenses": 85122000000,
    "interestIncome": 526000000,
    "interestExpense": 327000000,
    "depreciationAndAmortization": 19203000000,
    "ebitda": 30031500000,
    "ebitdaratio": 0.1591644043,
    "operatingIncome": 15069000000,
    "operatingIncomeRatio": 0.1504012296,
    "totalOtherIncomeExpensesNet": 397000000,
    "incomeBeforeTax": 15465000000,
    "incomeBeforeTaxRatio": 0.154353641,
    "incomeTaxExpense": 3826000000,
    "netIncome": 9290000000,
    "netIncomeRatio": 0.0927219738,
    "eps": 26.57,
    "epsdiluted": 26.57,
    "weightedAverageShsOut": 349687198,
    "weightedAverageShsOutDil": 349687198,
    "link": null,
    "finalLink": null
  },
  {
    "date": "2023-06-30",
    "symbol": "SUMCF",
    "reportedCurrency": "JPY",
    "cik": "0000000000",
    "fillingDate": "2023-06-30",
    "acceptedDate": "2023-06-30 00:00:00",
    "calendarYear": "2023",
    "period": "Q2",
    "revenue": 110711000000,
    "costOfRevenue": 81027000000,
    "grossProfit": 29684000000,
    "grossProfitRatio": 0.2681215055,
    "researchAndDevelopmentExpenses": 1898000000,
    "generalAndAdministrativeExpenses": 8872000000,
    "sellingAndMarketingExpenses": -1898000000,
    "sellingGeneralAndAdministrativeExpenses": 6974000000,
    "otherExpenses": 479000000,
    "operatingExpenses": 8872000000,
    "costAndExpenses": 89899000000,
    "interestIncome": 617000000,
    "interestExpense": 217000000,
    "depreciationAndAmortization": 16562000000,
    "ebitda": 36174000000,
    "ebitdaratio": 0.1954096702,
    "operatingIncome": 20812000000,
    "operatingIncomeRatio": 0.1879849337,
    "totalOtherIncomeExpensesNet": 331000000,
    "incomeBeforeTax": 21144000000,
    "incomeBeforeTaxRatio": 0.1909837324,
    "incomeTaxExpense": 6781000000,
    "netIncome": 11949000000,
    "netIncomeRatio": 0.1079296547,
    "eps": 34.14,
    "epsdiluted": 34.14,
    "weightedAverageShsOut": 350000000,
    "weightedAverageShsOutDil": 350000000,
    "link": null,
    "finalLink": null
  },
  {
    "date": "2023-03-31",
    "symbol": "SUMCF",
    "reportedCurrency": "JPY",
    "cik": "0000000000",
    "fillingDate": "2023-03-31",
    "acceptedDate": "2023-03-31 00:00:00",
    "calendarYear": "2023",
    "period": "Q1",
    "revenue": 109948000000,
    "costOfRevenue": 75343000000,
    "grossProfit": 34605000000,
    "grossProfitRatio": 0.3147396951,
    "researchAndDevelopmentExpenses": 1864000000,
    "generalAndAdministrativeExpenses": 8630000000,
    "sellingAndMarketingExpenses": -1864000000,
    "sellingGeneralAndAdministrativeExpenses": 6766000000,
    "otherExpenses": 1321000000,
    "operatingExpenses": 8630000000,
    "costAndExpenses": 83973000000,
    "interestIncome": 421000000,
    "interestExpense": 189000000,
    "depreciationAndAmortization": 14162000000,
    "ebitda": 47657000000,
    "ebitdaratio": 0.2545657947,
    "operatingIncome": 25974000000,
    "operatingIncomeRatio": 0.2362389493,
    "totalOtherIncomeExpensesNet": 21493000000,
    "incomeBeforeTax": 47468000000,
    "incomeBeforeTaxRatio": 0.4317313639,
    "incomeTaxExpense": 7714000000,
    "netIncome": 37698000000,
    "netIncomeRatio": 0.3428711755,
    "eps": 107.66,
    "epsdiluted": 107.66,
    "weightedAverageShsOut": 350167199,
    "weightedAverageShsOutDil": 350167199,
    "link": null,
    "finalLink": null
  },
  {
    "date": "2022-12-31",
    "symbol": "SUMCF",
    "reportedCurrency": "JPY",
    "cik": "0000000000",
    "fillingDate": "2022-12-31",
    "acceptedDate": "2022-12-31 00:00:00",
    "calendarYear": "2022",
    "period": "Q4",
    "revenue": 117425000000,
    "costOfRevenue": 78919000000,
    "grossProfit": 38506000000,
    "grossProfitRatio": 0.3279199489,
    "researchAndDevelopmentExpenses": 1653000000,
    "generalAndAdministrativeExpenses": -1672000000,
    "sellingAndMarketingExpenses": 8772000000,
    "sellingGeneralAndAdministrativeExpenses": 7100000000,
    "otherExpenses": -383000000,
    "operatingExpenses": 8753000000,
    "costAndExpenses": 87672000000,
    "interestIncome": 432000000,
    "interestExpense": 215000000,
    "depreciationAndAmortization": 16601000000,
    "ebitda": 44714500000,
    "ebitdaratio": 0.2424526293,
    "operatingIncome": 29752000000,
    "operatingIncomeRatio": 0.2533702363,
    "totalOtherIncomeExpensesNet": -1825000000,
    "incomeBeforeTax": 27927000000,
    "incomeBeforeTaxRatio": 0.2378284011,
    "incomeTaxExpense": 7046000000,
    "netIncome": 18411000000,
    "netIncomeRatio": 0.1567894401,
    "eps": 52.58,
    "epsdiluted": 52.58,
    "weightedAverageShsOut": 350167199,
    "weightedAverageShsOutDil": 350167199,
    "link": null,
    "finalLink": null
  },
  {
    "date": "2022-09-30",
    "symbol": "SUMCF",
    "reportedCurrency": "JPY",
    "cik": "0000000000",
    "fillingDate": "2022-09-30",
    "acceptedDate": "2022-09-30 00:00:00",
    "calendarYear": "2022",
    "period": "Q3",
    "revenue": 116246000000,
    "costOfRevenue": 77142000000,
    "grossProfit": 39104000000,
    "grossProfitRatio": 0.3363900693,
    "researchAndDevelopmentExpenses": 1802000000,
    "generalAndAdministrativeExpenses": 0,
    "sellingAndMarketingExpenses": 0,
    "sellingGeneralAndAdministrativeExpenses": 7122000000,
    "otherExpenses": -218000000,
    "operatingExpenses": 8924000000,
    "costAndExpenses": 86066000000,
    "interestIncome": 300000000,
    "interestExpense": 217000000,
    "depreciationAndAmortization": 15576000000,
    "ebitda": 43377250000,
    "ebitdaratio": 0.2824183198,
    "operatingIncome": 30180000000,
    "operatingIncomeRatio": 0.2596218365,
    "totalOtherIncomeExpensesNet": 2303000000,
    "incomeBeforeTax": 32483000000,
    "incomeBeforeTaxRatio": 0.2794332708,
    "incomeTaxExpense": 8220000000,
    "netIncome": 20470000000,
    "netIncomeRatio": 0.1760920806,
    "eps": 58.46,
    "epsdiluted": 58.46,
    "weightedAverageShsOut": 350167239,
    "weightedAverageShsOutDil": 350167284,
    "link": null,
    "finalLink": null
  },
  {
    "date": "2022-06-30",
    "symbol": "SUMCF",
    "reportedCurrency": "JPY",
    "cik": "0000000000",
    "fillingDate": "2022-06-30",
    "acceptedDate": "2022-06-30 00:00:00",
    "calendarYear": "2022",
    "period": "Q2",
    "revenue": 106963000000,
    "costOfRevenue": 72414000000,
    "grossProfit": 34549000000,
    "grossProfitRatio": 0.3229995419,
    "researchAndDevelopmentExpenses": 1631000000,
    "generalAndAdministrativeExpenses": 0,
    "sellingAndMarketingExpenses": 0,
    "sellingGeneralAndAdministrativeExpenses": 6620000000,
    "otherExpenses": 104000000,
    "operatingExpenses": 8251000000,
    "costAndExpenses": 80665000000,
    "interestIncome": 116000000,
    "interestExpense": 181000000,
    "depreciationAndAmortization": 14232000000,
    "ebitda": 40132500000,
    "ebitdaratio": 0.2600431925,
    "operatingIncome": 26299000000,
    "operatingIncomeRatio": 0.2458700672,
    "totalOtherIncomeExpensesNet": 896000000,
    "incomeBeforeTax": 27195000000,
    "incomeBeforeTaxRatio": 0.2542467956,
    "incomeTaxExpense": 7989000000,
    "netIncome": 16122000000,
    "netIncomeRatio": 0.1507250171,
    "eps": 46.04,
    "epsdiluted": 46.04,
    "weightedAverageShsOut": 350167239,
    "weightedAverageShsOutDil": 350167239,
    "link": null,
    "finalLink": null
  },
  {
    "date": "2022-03-31",
    "symbol": "SUMCF",
    "reportedCurrency": "JPY",
    "cik": "0000000000",
    "fillingDate": "2022-03-31",
    "acceptedDate": "2022-03-31 00:00:00",
    "calendarYear": "2022",
    "period": "Q1",
    "revenue": 100449000000,
    "costOfRevenue": 69253000000,
    "grossProfit": 31196000000,
    "grossProfitRatio": 0.3105655606,
    "researchAndDevelopmentExpenses": 1469000000,
    "generalAndAdministrativeExpenses": 0,
    "sellingAndMarketingExpenses": 0,
    "sellingGeneralAndAdministrativeExpenses": 6274000000,
    "otherExpenses": 20000000,
    "operatingExpenses": 7743000000,
    "costAndExpenses": 76996000000,
    "interestIncome": 37000000,
    "interestExpense": 203000000,
    "depreciationAndAmortization": 13437000000,
    "ebitda": 36650250000,
    "ebitdaratio": 0.2403209589,
    "operatingIncome": 23452000000,
    "operatingIncomeRatio": 0.233471712,
    "totalOtherIncomeExpensesNet": 281000000,
    "incomeBeforeTax": 23734000000,
    "incomeBeforeTaxRatio": 0.2362791068,
    "incomeTaxExpense": 6264000000,
    "netIncome": 15202000000,
    "netIncomeRatio": 0.1513404812,
    "eps": 43.41,
    "epsdiluted": 43.41,
    "weightedAverageShsOut": 350167249,
    "weightedAverageShsOutDil": 350167249,
    "link": null,
    "finalLink": null
  },
  {
    "date": "2021-12-31",
    "symbol": "SUMCF",
    "reportedCurrency": "JPY",
    "cik": "0000000000",
    "fillingDate": "2021-12-31",
    "acceptedDate": "2021-12-31 00:00:00",
    "calendarYear": "2021",
    "period": "Q4",
    "revenue": 91211000000,
    "costOfRevenue": 68247000000,
    "grossProfit": 22964000000,
    "grossProfitRatio": 0.2517678789,
    "researchAndDevelopmentExpenses": 1634000000,
    "generalAndAdministrativeExpenses": 251000000,
    "sellingAndMarketingExpenses": 6071000000,
    "sellingGeneralAndAdministrativeExpenses": 6322000000,
    "otherExpenses": 2110000000,
    "operatingExpenses": 7956000000,
    "costAndExpenses": 76203000000,
    "interestIncome": 32000000,
    "interestExpense": 205000000,
    "depreciationAndAmortization": 15280000000,
    "ebitda": 28205250000,
    "ebitdaratio": 0.1793862582,
    "operatingIncome": 15010000000,
    "operatingIncomeRatio": 0.1645634847,
    "totalOtherIncomeExpensesNet": 913000000,
    "incomeBeforeTax": 15923000000,
    "incomeBeforeTaxRatio": 0.1745732423,
    "incomeTaxExpense": 894000000,
    "netIncome": 14141000000,
    "netIncomeRatio": 0.155036125,
    "eps": 41.65,
    "epsdiluted": 41.65,
    "weightedAverageShsOut": 339480420,
    "weightedAverageShsOutDil": 339480423,
    "link": null,
    "finalLink": null
  },
  {
    "date": "2021-09-30",
    "symbol": "SUMCF",
    "reportedCurrency": "JPY",
    "cik": "0000000000",
    "fillingDate": "2021-09-30",
    "acceptedDate": "2021-09-30 00:00:00",
    "calendarYear": "2021",
    "period": "Q3",
    "revenue": 86685000000,
    "costOfRevenue": 64791000000,
    "grossProfit": 21894000000,
    "grossProfitRatio": 0.2525696487,
    "researchAndDevelopmentExpenses": 1373000000,
    "generalAndAdministrativeExpenses": 0,
    "sellingAndMarketingExpenses": 0,
    "sellingGeneralAndAdministrativeExpenses": 5707000000,
    "otherExpenses": 16000000,
    "operatingExpenses": 7080000000,
    "costAndExpenses": 71871000000,
    "interestIncome": 27000000,
    "interestExpense": 218000000,
    "depreciationAndAmortization": 13645000000,
    "ebitda": 26506500000,
    "ebitdaratio": 0.1693257196,
    "operatingIncome": 14813000000,
    "operatingIncomeRatio": 0.1708830824,
    "totalOtherIncomeExpensesNet": -593000000,
    "incomeBeforeTax": 14220000000,
    "incomeBeforeTaxRatio": 0.1640422218,
    "incomeTaxExpense": 2638000000,
    "netIncome": 10606000000,
    "netIncomeRatio": 0.1223510411,
    "eps": 36.55,
    "epsdiluted": 36.55,
    "weightedAverageShsOut": 290163400,
    "weightedAverageShsOutDil": 290163405,
    "link": null,
    "finalLink": null
  },
  {
    "date": "2021-06-30",
    "symbol": "SUMCF",
    "reportedCurrency": "JPY",
    "cik": "0000000000",
    "fillingDate": "2021-06-30",
    "acceptedDate": "2021-06-30 00:00:00",
    "calendarYear": "2021",
    "period": "Q2",
    "revenue": 81839000000,
    "costOfRevenue": 62287000000,
    "grossProfit": 19552000000,
    "grossProfitRatio": 0.2389081001,
    "researchAndDevelopmentExpenses": 1486000000,
    "generalAndAdministrativeExpenses": 0,
    "sellingAndMarketingExpenses": 0,
    "sellingGeneralAndAdministrativeExpenses": 5716000000,
    "otherExpenses": -208000000,
    "operatingExpenses": 7202000000,
    "costAndExpenses": 69489000000,
    "interestIncome": 27000000,
    "interestExpense": 205000000,
    "depreciationAndAmortization": 12419000000,
    "ebitda": 24282000000,
    "ebitdaratio": 0.1455785139,
    "operatingIncome": 12350000000,
    "operatingIncomeRatio": 0.1509060472,
    "totalOtherIncomeExpensesNet": -858000000,
    "incomeBeforeTax": 11492000000,
    "incomeBeforeTaxRatio": 0.1404220482,
    "incomeTaxExpense": 1841000000,
    "netIncome": 8998000000,
    "netIncomeRatio": 0.10994758,
    "eps": 31.01,
    "epsdiluted": 31.01,
    "weightedAverageShsOut": 290163389,
    "weightedAverageShsOutDil": 290163396,
    "link": null,
    "finalLink": null
  },
  {
    "date": "2021-03-31",
    "symbol": "SUMCF",
    "reportedCurrency": "JPY",
    "cik": "0000000000",
    "fillingDate": "2021-03-31",
    "acceptedDate": "2021-03-31 00:00:00",
    "calendarYear": "2021",
    "period": "Q1",
    "revenue": 75939000000,
    "costOfRevenue": 60230000000,
    "grossProfit": 15709000000,
    "grossProfitRatio": 0.2068634035,
    "researchAndDevelopmentExpenses": 1091000000,
    "generalAndAdministrativeExpenses": 0,
    "sellingAndMarketingExpenses": 0,
    "sellingGeneralAndAdministrativeExpenses": 5247000000,
    "otherExpenses": 525000000,
    "operatingExpenses": 6338000000,
    "costAndExpenses": 66568000000,
    "interestIncome": 30000000,
    "interestExpense": 229000000,
    "depreciationAndAmortization": 11445000000,
    "ebitda": 21063500000,
    "ebitdaratio": 0.1306970068,
    "operatingIncome": 9370000000,
    "operatingIncomeRatio": 0.1233885092,
    "totalOtherIncomeExpensesNet": 101000000,
    "incomeBeforeTax": 9472000000,
    "incomeBeforeTaxRatio": 0.1247316925,
    "incomeTaxExpense": 1311000000,
    "netIncome": 7375000000,
    "netIncomeRatio": 0.0971174232,
    "eps": 25.35,
    "epsdiluted": 25.35,
    "weightedAverageShsOut": 290886711,
    "weightedAverageShsOutDil": 290886711,
    "link": null,
    "finalLink": null
  },
  {
    "date": "2020-12-31",
    "symbol": "SUMCF",
    "reportedCurrency": "JPY",
    "cik": "0000000000",
    "fillingDate": "2020-12-31",
    "acceptedDate": "2020-12-31 00:00:00",
    "calendarYear": "2020",
    "period": "Q4",
    "revenue": 72588000000,
    "costOfRevenue": 57275000000,
    "grossProfit": 15313000000,
    "grossProfitRatio": 0.2109577341,
    "researchAndDevelopmentExpenses": 4857000000,
    "generalAndAdministrativeExpenses": -2020000000,
    "sellingAndMarketingExpenses": 4372000000,
    "sellingGeneralAndAdministrativeExpenses": 2352000000,
    "otherExpenses": 331000000,
    "operatingExpenses": 7209000000,
    "costAndExpenses": 64484000000,
    "interestIncome": 32000000,
    "interestExpense": 240000000,
    "depreciationAndAmortization": 11692500000,
    "ebitda": 19796500000,
    "ebitdaratio": 0.1016972502,
    "operatingIncome": 8103000000,
    "operatingIncomeRatio": 0.1116300215,
    "totalOtherIncomeExpensesNet": -961000000,
    "incomeBeforeTax": 7142000000,
    "incomeBeforeTaxRatio": 0.0983909186,
    "incomeTaxExpense": 1138000000,
    "netIncome": 5296000000,
    "netIncomeRatio": 0.0729597179,
    "eps": 18.19,
    "epsdiluted": 18.19,
    "weightedAverageShsOut": 291170829,
    "weightedAverageShsOutDil": 291170832,
    "link": null,
    "finalLink": null
  },
  {
    "date": "2020-09-30",
    "symbol": "SUMCF",
    "reportedCurrency": "JPY",
    "cik": "0000000000",
    "fillingDate": "2020-09-30",
    "acceptedDate": "2020-09-30 00:00:00",
    "calendarYear": "2020",
    "period": "Q3",
    "revenue": 71603000000,
    "costOfRevenue": 58443000000,
    "grossProfit": 13160000000,
    "grossProfitRatio": 0.1837911819,
    "researchAndDevelopmentExpenses": 0,
    "generalAndAdministrativeExpenses": 0,
    "sellingAndMarketingExpenses": 0,
    "sellingGeneralAndAdministrativeExpenses": 6537000000,
    "otherExpenses": -189000000,
    "operatingExpenses": 6537000000,
    "costAndExpenses": 64980000000,
    "interestIncome": 40000000,
    "interestExpense": 244000000,
    "depreciationAndAmortization": 10599000000,
    "ebitda": 17222000000,
    "ebitdaratio": 0.085219893,
    "operatingIncome": 6624000000,
    "operatingIncomeRatio": 0.0925100904,
    "totalOtherIncomeExpensesNet": -766000000,
    "incomeBeforeTax": 5858000000,
    "incomeBeforeTaxRatio": 0.0818122146,
    "incomeTaxExpense": 1828000000,
    "netIncome": 3388000000,
    "netIncomeRatio": 0.0473164532,
    "eps": 11.64,
    "epsdiluted": 11.64,
    "weightedAverageShsOut": 291168085,
    "weightedAverageShsOutDil": 291168101,
    "link": null,
    "finalLink": null
  },
  {
    "date": "2020-06-30",
    "symbol": "SUMCF",
    "reportedCurrency": "JPY",
    "cik": "0000000000",
    "fillingDate": "2020-06-30",
    "acceptedDate": "2020-06-30 00:00:00",
    "calendarYear": "2020",
    "period": "Q2",
    "revenue": 74898000000,
    "costOfRevenue": 56234000000,
    "grossProfit": 18664000000,
    "grossProfitRatio": 0.2491922348,
    "researchAndDevelopmentExpenses": 0,
    "generalAndAdministrativeExpenses": 0,
    "sellingAndMarketingExpenses": 0,
    "sellingGeneralAndAdministrativeExpenses": 7139000000,
    "otherExpenses": -198000000,
    "operatingExpenses": 7139000000,
    "costAndExpenses": 63373000000,
    "interestIncome": 85000000,
    "interestExpense": 237000000,
    "depreciationAndAmortization": 10636500000,
    "ebitda": 22161500000,
    "ebitdaratio": 0.1462388849,
    "operatingIncome": 11526000000,
    "operatingIncomeRatio": 0.1538892894,
    "totalOtherIncomeExpensesNet": -810000000,
    "incomeBeforeTax": 10716000000,
    "incomeBeforeTaxRatio": 0.1430745814,
    "incomeTaxExpense": 1588000000,
    "netIncome": 8331000000,
    "netIncomeRatio": 0.1112312745,
    "eps": 28.61,
    "epsdiluted": 28.61,
    "weightedAverageShsOut": 291173544,
    "weightedAverageShsOutDil": 291173551,
    "link": null,
    "finalLink": null
  },
  {
    "date": "2020-03-31",
    "symbol": "SUMCF",
    "reportedCurrency": "JPY",
    "cik": "0000000000",
    "fillingDate": "2020-03-31",
    "acceptedDate": "2020-03-31 00:00:00",
    "calendarYear": "2020",
    "period": "Q1",
    "revenue": 72244000000,
    "costOfRevenue": 54209000000,
    "grossProfit": 18035000000,
    "grossProfitRatio": 0.2496401085,
    "researchAndDevelopmentExpenses": 0,
    "generalAndAdministrativeExpenses": 0,
    "sellingAndMarketingExpenses": 0,
    "sellingGeneralAndAdministrativeExpenses": 6389000000,
    "otherExpenses": 624000000,
    "operatingExpenses": 6389000000,
    "costAndExpenses": 60598000000,
    "interestIncome": 140000000,
    "interestExpense": 246000000,
    "depreciationAndAmortization": 10599000000,
    "ebitda": 22245000000,
    "ebitdaratio": 0.1700210398,
    "operatingIncome": 11644000000,
    "operatingIncomeRatio": 0.1611760146,
    "totalOtherIncomeExpensesNet": 289000000,
    "incomeBeforeTax": 11934000000,
    "incomeBeforeTaxRatio": 0.1651901888,
    "incomeTaxExpense": 2451000000,
    "netIncome": 8490000000,
    "netIncomeRatio": 0.1175184098,
    "eps": 29.01,
    "epsdiluted": 29.01,
    "weightedAverageShsOut": 292668962,
    "weightedAverageShsOutDil": 292668962,
    "link": null,
    "finalLink": null
  },
  {
    "date": "2019-12-31",
    "symbol": "SUMCF",
    "reportedCurrency": "JPY",
    "cik": "0000000000",
    "fillingDate": "2019-12-31",
    "acceptedDate": "2019-12-31 00:00:00",
    "calendarYear": "2019",
    "period": "Q4",
    "revenue": 70949000000,
    "costOfRevenue": 56206000000,
    "grossProfit": 14743000000,
    "grossProfitRatio": 0.2077971501,
    "researchAndDevelopmentExpenses": 5215000000,
    "generalAndAdministrativeExpenses": -4330000000,
    "sellingAndMarketingExpenses": 5682000000,
    "sellingGeneralAndAdministrativeExpenses": 1352000000,
    "otherExpenses": 360000000,
    "operatingExpenses": 6567000000,
    "costAndExpenses": 62773000000,
    "interestIncome": 147000000,
    "interestExpense": 264000000,
    "depreciationAndAmortization": 10599000000,
    "ebitda": 18775000000,
    "ebitdaratio": 0.1113193984,
    "operatingIncome": 8177000000,
    "operatingIncomeRatio": 0.1152518006,
    "totalOtherIncomeExpensesNet": -1075000000,
    "incomeBeforeTax": 7102000000,
    "incomeBeforeTaxRatio": 0.1001000719,
    "incomeTaxExpense": 1600000000,
    "netIncome": 4980000000,
    "netIncomeRatio": 0.0701912641,
    "eps": 16.98,
    "epsdiluted": 16.98,
    "weightedAverageShsOut": 293277905,
    "weightedAverageShsOutDil": 293277911,
    "link": null,
    "finalLink": null
  },
  {
    "date": "2019-09-30",
    "symbol": "SUMCF",
    "reportedCurrency": "JPY",
    "cik": "0000000000",
    "fillingDate": "2019-09-30",
    "acceptedDate": "2019-09-30 00:00:00",
    "calendarYear": "2019",
    "period": "Q3",
    "revenue": 72024000000,
    "costOfRevenue": 56161000000,
    "grossProfit": 15863000000,
    "grossProfitRatio": 0.2202460291,
    "researchAndDevelopmentExpenses": 0,
    "generalAndAdministrativeExpenses": 0,
    "sellingAndMarketingExpenses": 0,
    "sellingGeneralAndAdministrativeExpenses": 6946000000,
    "otherExpenses": 78000000,
    "operatingExpenses": 6946000000,
    "costAndExpenses": 63107000000,
    "interestIncome": 156000000,
    "interestExpense": 257000000,
    "depreciationAndAmortization": 7383750000,
    "ebitda": 16300750000,
    "ebitdaratio": 0.121431745,
    "operatingIncome": 8916000000,
    "operatingIncomeRatio": 0.1237920693,
    "totalOtherIncomeExpensesNet": -427000000,
    "incomeBeforeTax": 8489000000,
    "incomeBeforeTaxRatio": 0.1178634899,
    "incomeTaxExpense": 2648000000,
    "netIncome": 5153000000,
    "netIncomeRatio": 0.0715455959,
    "eps": 17.57,
    "epsdiluted": 17.57,
    "weightedAverageShsOut": 293277905,
    "weightedAverageShsOutDil": 293277914,
    "link": null,
    "finalLink": null
  },
  {
    "date": "2019-06-30",
    "symbol": "SUMCF",
    "reportedCurrency": "JPY",
    "cik": "0000000000",
    "fillingDate": "2019-06-30",
    "acceptedDate": "2019-06-30 00:00:00",
    "calendarYear": "2019",
    "period": "Q2",
    "revenue": 74384000000,
    "costOfRevenue": 53674000000,
    "grossProfit": 20710000000,
    "grossProfitRatio": 0.2784200903,
    "researchAndDevelopmentExpenses": 0,
    "generalAndAdministrativeExpenses": 0,
    "sellingAndMarketingExpenses": 0,
    "sellingGeneralAndAdministrativeExpenses": 6983000000,
    "otherExpenses": -210000000,
    "operatingExpenses": 6983000000,
    "costAndExpenses": 60657000000,
    "interestIncome": 160000000,
    "interestExpense": 260000000,
    "depreciationAndAmortization": 9831000000,
    "ebitda": 14812000000,
    "ebitdaratio": 0.1991288449,
    "operatingIncome": 13727000000,
    "operatingIncomeRatio": 0.1845423747,
    "totalOtherIncomeExpensesNet": 824000000,
    "incomeBeforeTax": 14552000000,
    "incomeBeforeTaxRatio": 0.1956334696,
    "incomeTaxExpense": 3365000000,
    "netIncome": 9846000000,
    "netIncomeRatio": 0.1323671757,
    "eps": 33.57,
    "epsdiluted": 33.57,
    "weightedAverageShsOut": 293277930,
    "weightedAverageShsOutDil": 293277930,
    "link": null,
    "finalLink": null
  },
  {
    "date": "2019-03-31",
    "symbol": "SUMCF",
    "reportedCurrency": "JPY",
    "cik": "0000000000",
    "fillingDate": "2019-03-31",
    "acceptedDate": "2019-03-31 00:00:00",
    "calendarYear": "2019",
    "period": "Q1",
    "revenue": 82103000000,
    "costOfRevenue": 55270000000,
    "grossProfit": 26833000000,
    "grossProfitRatio": 0.326821188,
    "researchAndDevelopmentExpenses": 0,
    "generalAndAdministrativeExpenses": 0,
    "sellingAndMarketingExpenses": 0,
    "sellingGeneralAndAdministrativeExpenses": 7016000000,
    "otherExpenses": -484000000,
    "operatingExpenses": 7016000000,
    "costAndExpenses": 62286000000,
    "interestIncome": 221000000,
    "interestExpense": 283000000,
    "depreciationAndAmortization": 7383750000,
    "ebitda": 27200750000,
    "ebitdaratio": 0.23589881,
    "operatingIncome": 19816000000,
    "operatingIncomeRatio": 0.2413553707,
    "totalOtherIncomeExpensesNet": -731000000,
    "incomeBeforeTax": 19085000000,
    "incomeBeforeTaxRatio": 0.2324519201,
    "incomeTaxExpense": 3671000000,
    "netIncome": 13133000000,
    "netIncomeRatio": 0.1599576142,
    "eps": 44.78,
    "epsdiluted": 44.78,
    "weightedAverageShsOut": 293277964,
    "weightedAverageShsOutDil": 293277964,
    "link": null,
    "finalLink": null
  },
  {
    "date": "2018-12-31",
    "symbol": "SUMCF",
    "reportedCurrency": "JPY",
    "cik": "0000000000",
    "fillingDate": "2018-12-31",
    "acceptedDate": "2018-12-31 00:00:00",
    "calendarYear": "2018",
    "period": "Q4",
    "revenue": 82603000000,
    "costOfRevenue": 54378000000,
    "grossProfit": 28225000000,
    "grossProfitRatio": 0.3416946116,
    "researchAndDevelopmentExpenses": 5661000000,
    "generalAndAdministrativeExpenses": -4838000000,
    "sellingAndMarketingExpenses": 6488000000,
    "sellingGeneralAndAdministrativeExpenses": 1650000000,
    "otherExpenses": -228000000,
    "operatingExpenses": 7311000000,
    "costAndExpenses": 61689000000,
    "interestIncome": 190000000,
    "interestExpense": 311000000,
    "depreciationAndAmortization": -38000000,
    "ebitda": 20875000000,
    "ebitdaratio": 0.2527147924,
    "operatingIncome": 20913000000,
    "operatingIncomeRatio": 0.2531748242,
    "totalOtherIncomeExpensesNet": -10547000000,
    "incomeBeforeTax": 10366000000,
    "incomeBeforeTaxRatio": 0.1254918102,
    "incomeTaxExpense": -8503000000,
    "netIncome": 15917000000,
    "netIncomeRatio": 0.1926927593,
    "eps": 54.27,
    "epsdiluted": 54.27,
    "weightedAverageShsOut": 293278021,
    "weightedAverageShsOutDil": 293278026,
    "link": null,
    "finalLink": null
  },
  {
    "date": "2018-09-30",
    "symbol": "SUMCF",
    "reportedCurrency": "JPY",
    "cik": "0000000000",
    "fillingDate": "2018-09-30",
    "acceptedDate": "2018-09-30 00:00:00",
    "calendarYear": "2018",
    "period": "Q3",
    "revenue": 83433000000,
    "costOfRevenue": 53142000000,
    "grossProfit": 30291000000,
    "grossProfitRatio": 0.3630577829,
    "researchAndDevelopmentExpenses": 0,
    "generalAndAdministrativeExpenses": 0,
    "sellingAndMarketingExpenses": 0,
    "sellingGeneralAndAdministrativeExpenses": 7231000000,
    "otherExpenses": 24000000,
    "operatingExpenses": 7231000000,
    "costAndExpenses": 60373000000,
    "interestIncome": 196000000,
    "interestExpense": 337000000,
    "depreciationAndAmortization": 109000000,
    "ebitda": 22081000000,
    "ebitdaratio": 0.2776958757,
    "operatingIncome": 23060000000,
    "operatingIncomeRatio": 0.2763894382,
    "totalOtherIncomeExpensesNet": -1316000000,
    "incomeBeforeTax": 21744000000,
    "incomeBeforeTaxRatio": 0.2606163029,
    "incomeTaxExpense": 4065000000,
    "netIncome": 14512000000,
    "netIncomeRatio": 0.1739359726,
    "eps": 49.48,
    "epsdiluted": 49.48,
    "weightedAverageShsOut": 293278095,
    "weightedAverageShsOutDil": 293278097,
    "link": null,
    "finalLink": null
  },
  {
    "date": "2018-06-30",
    "symbol": "SUMCF",
    "reportedCurrency": "JPY",
    "cik": "0000000000",
    "fillingDate": "2018-06-30",
    "acceptedDate": "2018-06-30 00:00:00",
    "calendarYear": "2018",
    "period": "Q2",
    "revenue": 81734000000,
    "costOfRevenue": 52698000000,
    "grossProfit": 29036000000,
    "grossProfitRatio": 0.3552499572,
    "researchAndDevelopmentExpenses": 0,
    "generalAndAdministrativeExpenses": 0,
    "sellingAndMarketingExpenses": 0,
    "sellingGeneralAndAdministrativeExpenses": 7434000000,
    "otherExpenses": -44000000,
    "operatingExpenses": 7434000000,
    "costAndExpenses": 60132000000,
    "interestIncome": 141000000,
    "interestExpense": 358000000,
    "depreciationAndAmortization": 733000000,
    "ebitda": 22175000000,
    "ebitdaratio": 0.2732644921,
    "operatingIncome": 21602000000,
    "operatingIncomeRatio": 0.264296376,
    "totalOtherIncomeExpensesNet": 214000000,
    "incomeBeforeTax": 21817000000,
    "incomeBeforeTaxRatio": 0.2669268603,
    "incomeTaxExpense": 3163000000,
    "netIncome": 15385000000,
    "netIncomeRatio": 0.1882325593,
    "eps": 52.46,
    "epsdiluted": 52.46,
    "weightedAverageShsOut": 293278108,
    "weightedAverageShsOutDil": 293278113,
    "link": null,
    "finalLink": null
  },
  {
    "date": "2018-03-31",
    "symbol": "SUMCF",
    "reportedCurrency": "JPY",
    "cik": "0000000000",
    "fillingDate": "2018-03-31",
    "acceptedDate": "2018-03-31 00:00:00",
    "calendarYear": "2018",
    "period": "Q1",
    "revenue": 77289000000,
    "costOfRevenue": 50742000000,
    "grossProfit": 26547000000,
    "grossProfitRatio": 0.3434770795,
    "researchAndDevelopmentExpenses": 0,
    "generalAndAdministrativeExpenses": 0,
    "sellingAndMarketingExpenses": 0,
    "sellingGeneralAndAdministrativeExpenses": 6956000000,
    "otherExpenses": -23000000,
    "operatingExpenses": 6956000000,
    "costAndExpenses": 57698000000,
    "interestIncome": 100000000,
    "interestExpense": 429000000,
    "depreciationAndAmortization": -408000000,
    "ebitda": 18704000000,
    "ebitdaratio": 0.2481853821,
    "operatingIncome": 19590000000,
    "operatingIncomeRatio": 0.2534642705,
    "totalOtherIncomeExpensesNet": -1315000000,
    "incomeBeforeTax": 18275000000,
    "incomeBeforeTaxRatio": 0.2364502064,
    "incomeTaxExpense": 2970000000,
    "netIncome": 12766000000,
    "netIncomeRatio": 0.1651722755,
    "eps": 43.53,
    "epsdiluted": 43.53,
    "weightedAverageShsOut": 293278136,
    "weightedAverageShsOutDil": 293278136,
    "link": null,
    "finalLink": null
  },
  {
    "date": "2017-12-31",
    "symbol": "SUMCF",
    "reportedCurrency": "JPY",
    "cik": "0000000000",
    "fillingDate": "2017-12-31",
    "acceptedDate": "2017-12-31 00:00:00",
    "calendarYear": "2017",
    "period": "Q4",
    "revenue": 70222000000,
    "costOfRevenue": 50098000000,
    "grossProfit": 20124000000,
    "grossProfitRatio": 0.2865768563,
    "researchAndDevelopmentExpenses": 5469000000,
    "generalAndAdministrativeExpenses": -1935000000,
    "sellingAndMarketingExpenses": 3302000000,
    "sellingGeneralAndAdministrativeExpenses": 1367000000,
    "otherExpenses": -172000000,
    "operatingExpenses": 6836000000,
    "costAndExpenses": 56934000000,
    "interestIncome": 90000000,
    "interestExpense": 479000000,
    "depreciationAndAmortization": -326000000,
    "ebitda": 12960000000,
    "ebitdaratio": 0.1845575461,
    "operatingIncome": 13286000000,
    "operatingIncomeRatio": 0.1891999658,
    "totalOtherIncomeExpensesNet": -805000000,
    "incomeBeforeTax": 12481000000,
    "incomeBeforeTaxRatio": 0.177736322,
    "incomeTaxExpense": 454000000,
    "netIncome": 10395000000,
    "netIncomeRatio": 0.1480305317,
    "eps": 35.44,
    "epsdiluted": 35.44,
    "weightedAverageShsOut": 293278225,
    "weightedAverageShsOutDil": 293278232,
    "link": null,
    "finalLink": null
  },
  {
    "date": "2017-09-30",
    "symbol": "SUMCF",
    "reportedCurrency": "JPY",
    "cik": "0000000000",
    "fillingDate": "2017-09-30",
    "acceptedDate": "2017-09-30 00:00:00",
    "calendarYear": "2017",
    "period": "Q3",
    "revenue": 66411000000,
    "costOfRevenue": 48517000000,
    "grossProfit": 17894000000,
    "grossProfitRatio": 0.2694433151,
    "researchAndDevelopmentExpenses": 0,
    "generalAndAdministrativeExpenses": 0,
    "sellingAndMarketingExpenses": 0,
    "sellingGeneralAndAdministrativeExpenses": 6416000000,
    "otherExpenses": -307000000,
    "operatingExpenses": 6416000000,
    "costAndExpenses": 54933000000,
    "interestIncome": 79000000,
    "interestExpense": 506000000,
    "depreciationAndAmortization": -481000000,
    "ebitda": 10998000000,
    "ebitdaratio": 0.1656050955,
    "operatingIncome": 11479000000,
    "operatingIncomeRatio": 0.1728478716,
    "totalOtherIncomeExpensesNet": -987000000,
    "incomeBeforeTax": 10492000000,
    "incomeBeforeTaxRatio": 0.1579858758,
    "incomeTaxExpense": 1972000000,
    "netIncome": 6987000000,
    "netIncomeRatio": 0.1052084745,
    "eps": 23.82,
    "epsdiluted": 23.82,
    "weightedAverageShsOut": 293278351,
    "weightedAverageShsOutDil": 293278359,
    "link": null,
    "finalLink": null
  },
  {
    "date": "2017-06-30",
    "symbol": "SUMCF",
    "reportedCurrency": "JPY",
    "cik": "0000000000",
    "fillingDate": "2017-06-30",
    "acceptedDate": "2017-06-30 00:00:00",
    "calendarYear": "2017",
    "period": "Q2",
    "revenue": 63799000000,
    "costOfRevenue": 47993000000,
    "grossProfit": 15806000000,
    "grossProfitRatio": 0.2477468299,
    "researchAndDevelopmentExpenses": 0,
    "generalAndAdministrativeExpenses": 0,
    "sellingAndMarketingExpenses": 0,
    "sellingGeneralAndAdministrativeExpenses": 6553000000,
    "otherExpenses": -87000000,
    "operatingExpenses": 6553000000,
    "costAndExpenses": 54546000000,
    "interestIncome": 57000000,
    "interestExpense": 535000000,
    "depreciationAndAmortization": -498000000,
    "ebitda": 8755000000,
    "ebitdaratio": 0.1372278562,
    "operatingIncome": 9253000000,
    "operatingIncomeRatio": 0.1450336212,
    "totalOtherIncomeExpensesNet": -1033000000,
    "incomeBeforeTax": 8220000000,
    "incomeBeforeTaxRatio": 0.1288421449,
    "incomeTaxExpense": 978000000,
    "netIncome": 6021000000,
    "netIncomeRatio": 0.09437452,
    "eps": 20.53,
    "epsdiluted": 20.53,
    "weightedAverageShsOut": 293278388,
    "weightedAverageShsOutDil": 293278400,
    "link": null,
    "finalLink": null
  },
  {
    "date": "2017-03-31",
    "symbol": "SUMCF",
    "reportedCurrency": "JPY",
    "cik": "0000000000",
    "fillingDate": "2017-03-31",
    "acceptedDate": "2017-03-31 00:00:00",
    "calendarYear": "2017",
    "period": "Q1",
    "revenue": 60195000000,
    "costOfRevenue": 45904000000,
    "grossProfit": 14291000000,
    "grossProfitRatio": 0.2374117452,
    "researchAndDevelopmentExpenses": 0,
    "generalAndAdministrativeExpenses": 0,
    "sellingAndMarketingExpenses": 0,
    "sellingGeneralAndAdministrativeExpenses": 6223000000,
    "otherExpenses": -6000000,
    "operatingExpenses": 6223000000,
    "costAndExpenses": 52127000000,
    "interestIncome": 35000000,
    "interestExpense": 589000000,
    "depreciationAndAmortization": -1962000000,
    "ebitda": 6105000000,
    "ebitdaratio": 0.1014203838,
    "operatingIncome": 8067000000,
    "operatingIncomeRatio": 0.134014453,
    "totalOtherIncomeExpensesNet": -2551000000,
    "incomeBeforeTax": 5516000000,
    "incomeBeforeTaxRatio": 0.0916355179,
    "incomeTaxExpense": 1085000000,
    "netIncome": 3613000000,
    "netIncomeRatio": 0.0600215965,
    "eps": 12.32,
    "epsdiluted": 12.32,
    "weightedAverageShsOut": 293278404,
    "weightedAverageShsOutDil": 293278404,
    "link": null,
    "finalLink": null
  },
  {
    "date": "2016-12-31",
    "symbol": "SUMCF",
    "reportedCurrency": "JPY",
    "cik": "0000000000",
    "fillingDate": "2016-12-31",
    "acceptedDate": "2016-12-31 00:00:00",
    "calendarYear": "2016",
    "period": "Q4",
    "revenue": 55945000000,
    "costOfRevenue": 44252000000,
    "grossProfit": 11693000000,
    "grossProfitRatio": 0.209008848,
    "researchAndDevelopmentExpenses": 5630000000,
    "generalAndAdministrativeExpenses": -2484000000,
    "sellingAndMarketingExpenses": 3093000000,
    "sellingGeneralAndAdministrativeExpenses": 609000000,
    "otherExpenses": -9000000,
    "operatingExpenses": 6239000000,
    "costAndExpenses": 50491000000,
    "interestIncome": 17000000,
    "interestExpense": 637000000,
    "depreciationAndAmortization": -529000000,
    "ebitda": 4930000000,
    "ebitdaratio": 0.0880507641,
    "operatingIncome": 5455000000,
    "operatingIncomeRatio": 0.0975064796,
    "totalOtherIncomeExpensesNet": -1162000000,
    "incomeBeforeTax": 4293000000,
    "incomeBeforeTaxRatio": 0.0767360801,
    "incomeTaxExpense": 550000000,
    "netIncome": 3165000000,
    "netIncomeRatio": 0.0565734203,
    "eps": 10.79,
    "epsdiluted": 10.79,
    "weightedAverageShsOut": 293278611,
    "weightedAverageShsOutDil": 293278637,
    "link": null,
    "finalLink": null
  },
  {
    "date": "2016-09-30",
    "symbol": "SUMCF",
    "reportedCurrency": "JPY",
    "cik": "0000000000",
    "fillingDate": "2016-09-30",
    "acceptedDate": "2016-09-30 00:00:00",
    "calendarYear": "2016",
    "period": "Q3",
    "revenue": 52201000000,
    "costOfRevenue": 43902000000,
    "grossProfit": 8299000000,
    "grossProfitRatio": 0.1589816287,
    "researchAndDevelopmentExpenses": 0,
    "generalAndAdministrativeExpenses": 0,
    "sellingAndMarketingExpenses": 0,
    "sellingGeneralAndAdministrativeExpenses": 5899000000,
    "otherExpenses": -68000000,
    "operatingExpenses": 5899000000,
    "costAndExpenses": 49801000000,
    "interestIncome": 23000000,
    "interestExpense": 698000000,
    "depreciationAndAmortization": -381000000,
    "ebitda": 2018000000,
    "ebitdaratio": 0.0386391065,
    "operatingIncome": 2398000000,
    "operatingIncomeRatio": 0.0459378173,
    "totalOtherIncomeExpensesNet": -1078000000,
    "incomeBeforeTax": 1320000000,
    "incomeBeforeTaxRatio": 0.0252868719,
    "incomeTaxExpense": -219000000,
    "netIncome": 1116000000,
    "netIncomeRatio": 0.0213789008,
    "eps": 3.81,
    "epsdiluted": 3.81,
    "weightedAverageShsOut": 293278709,
    "weightedAverageShsOutDil": 293278714,
    "link": null,
    "finalLink": null
  },
  {
    "date": "2016-06-30",
    "symbol": "SUMCF",
    "reportedCurrency": "JPY",
    "cik": "0000000000",
    "fillingDate": "2016-06-30",
    "acceptedDate": "2016-06-30 00:00:00",
    "calendarYear": "2016",
    "period": "Q2",
    "revenue": 51436000000,
    "costOfRevenue": 42684000000,
    "grossProfit": 8752000000,
    "grossProfitRatio": 0.1701532001,
    "researchAndDevelopmentExpenses": 0,
    "generalAndAdministrativeExpenses": 0,
    "sellingAndMarketingExpenses": 0,
    "sellingGeneralAndAdministrativeExpenses": 6172000000,
    "otherExpenses": -131000000,
    "operatingExpenses": 6172000000,
    "costAndExpenses": 48856000000,
    "interestIncome": 16000000,
    "interestExpense": 704000000,
    "depreciationAndAmortization": -246000000,
    "ebitda": 2335000000,
    "ebitdaratio": 0.0453962205,
    "operatingIncome": 2581000000,
    "operatingIncomeRatio": 0.0501788631,
    "totalOtherIncomeExpensesNet": -950000000,
    "incomeBeforeTax": 1631000000,
    "incomeBeforeTaxRatio": 0.0317093087,
    "incomeTaxExpense": 266000000,
    "netIncome": 731000000,
    "netIncomeRatio": 0.0142118361,
    "eps": 2.49,
    "epsdiluted": 2.49,
    "weightedAverageShsOut": 293278713,
    "weightedAverageShsOutDil": 293278780,
    "link": null,
    "finalLink": null
  },
  {
    "date": "2016-03-31",
    "symbol": "SUMCF",
    "reportedCurrency": "JPY",
    "cik": "0000000000",
    "fillingDate": "2016-03-31",
    "acceptedDate": "2016-03-31 00:00:00",
    "calendarYear": "2016",
    "period": "Q1",
    "revenue": 51779000000,
    "costOfRevenue": 42254000000,
    "grossProfit": 9525000000,
    "grossProfitRatio": 0.1839548852,
    "researchAndDevelopmentExpenses": 0,
    "generalAndAdministrativeExpenses": 0,
    "sellingAndMarketingExpenses": 0,
    "sellingGeneralAndAdministrativeExpenses": 5912000000,
    "otherExpenses": -67000000,
    "operatingExpenses": 5912000000,
    "costAndExpenses": 48166000000,
    "interestIncome": 20000000,
    "interestExpense": 736000000,
    "depreciationAndAmortization": -487000000,
    "ebitda": 3411000000,
    "ebitdaratio": 0.0603526526,
    "operatingIncome": 3612000000,
    "operatingIncomeRatio": 0.06975801,
    "totalOtherIncomeExpensesNet": -937000000,
    "incomeBeforeTax": 2675000000,
    "incomeBeforeTaxRatio": 0.0516618706,
    "incomeTaxExpense": 547000000,
    "netIncome": 1576000000,
    "netIncomeRatio": 0.0304370498,
    "eps": 5.37,
    "epsdiluted": 5.37,
    "weightedAverageShsOut": 293278747,
    "weightedAverageShsOutDil": 293278747,
    "link": null,
    "finalLink": null
  },
  {
    "date": "2015-12-31",
    "symbol": "SUMCF",
    "reportedCurrency": "JPY",
    "cik": "0000000000",
    "fillingDate": "2015-12-31",
    "acceptedDate": "2015-12-31 00:00:00",
    "calendarYear": "2015",
    "period": "Q4",
    "revenue": 54837000000,
    "costOfRevenue": 44915000000,
    "grossProfit": 9922000000,
    "grossProfitRatio": 0.1809362292,
    "researchAndDevelopmentExpenses": 5801000000,
    "generalAndAdministrativeExpenses": -3060000000,
    "sellingAndMarketingExpenses": 3259000000,
    "sellingGeneralAndAdministrativeExpenses": 199000000,
    "otherExpenses": 70000000,
    "operatingExpenses": 6000000000,
    "costAndExpenses": 50915000000,
    "interestIncome": 19000000,
    "interestExpense": 768000000,
    "depreciationAndAmortization": -1630000000,
    "ebitda": 2292000000,
    "ebitdaratio": 0.0417965972,
    "operatingIncome": 3922000000,
    "operatingIncomeRatio": 0.0715210533,
    "totalOtherIncomeExpensesNet": -2398000000,
    "incomeBeforeTax": 1524000000,
    "incomeBeforeTaxRatio": 0.0277914547,
    "incomeTaxExpense": -3021000000,
    "netIncome": 4022000000,
    "netIncomeRatio": 0.0733446396,
    "eps": 13.71,
    "epsdiluted": 13.71,
    "weightedAverageShsOut": 293404299,
    "weightedAverageShsOutDil": 293404304,
    "link": null,
    "finalLink": null
  },
  {
    "date": "2015-09-30",
    "symbol": "SUMCF",
    "reportedCurrency": "JPY",
    "cik": "0000000000",
    "fillingDate": "2015-09-30",
    "acceptedDate": "2015-09-30 00:00:00",
    "calendarYear": "2015",
    "period": "Q3",
    "revenue": 58915000000,
    "costOfRevenue": 45275000000,
    "grossProfit": 13640000000,
    "grossProfitRatio": 0.2315199864,
    "researchAndDevelopmentExpenses": 0,
    "generalAndAdministrativeExpenses": 0,
    "sellingAndMarketingExpenses": 0,
    "sellingGeneralAndAdministrativeExpenses": 6465000000,
    "otherExpenses": 541000000,
    "operatingExpenses": 6465000000,
    "costAndExpenses": 51740000000,
    "interestIncome": 22000000,
    "interestExpense": 809000000,
    "depreciationAndAmortization": 589000000,
    "ebitda": 7764000000,
    "ebitdaratio": 0.1317830773,
    "operatingIncome": 7175000000,
    "operatingIncomeRatio": 0.1217856234,
    "totalOtherIncomeExpensesNet": -220000000,
    "incomeBeforeTax": 6955000000,
    "incomeBeforeTaxRatio": 0.11805143,
    "incomeTaxExpense": 1080000000,
    "netIncome": 4812000000,
    "netIncomeRatio": 0.0816769923,
    "eps": 16.39,
    "epsdiluted": 16.39,
    "weightedAverageShsOut": 293531939,
    "weightedAverageShsOutDil": 293598132,
    "link": null,
    "finalLink": null
  },
  {
    "date": "2015-06-30",
    "symbol": "SUMCF",
    "reportedCurrency": "JPY",
    "cik": "0000000000",
    "fillingDate": "2015-06-30",
    "acceptedDate": "2015-06-30 00:00:00",
    "calendarYear": "2015",
    "period": "Q2",
    "revenue": 62659000000,
    "costOfRevenue": 46721000000,
    "grossProfit": 15938000000,
    "grossProfitRatio": 0.2543609059,
    "researchAndDevelopmentExpenses": 0,
    "generalAndAdministrativeExpenses": 0,
    "sellingAndMarketingExpenses": 0,
    "sellingGeneralAndAdministrativeExpenses": 6443000000,
    "otherExpenses": -673000000,
    "operatingExpenses": 6443000000,
    "costAndExpenses": 53164000000,
    "interestIncome": 24000000,
    "interestExpense": 844000000,
    "depreciationAndAmortization": -783000000,
    "ebitda": 8712000000,
    "ebitdaratio": 0.1390382866,
    "operatingIncome": 9495000000,
    "operatingIncomeRatio": 0.1515344962,
    "totalOtherIncomeExpensesNet": -1627000000,
    "incomeBeforeTax": 7868000000,
    "incomeBeforeTaxRatio": 0.1255685536,
    "incomeTaxExpense": 1150000000,
    "netIncome": 5765000000,
    "netIncomeRatio": 0.0920059369,
    "eps": 19.58,
    "epsdiluted": 18.68,
    "weightedAverageShsOut": 294446482,
    "weightedAverageShsOutDil": 308571437,
    "link": null,
    "finalLink": null
  },
  {
    "date": "2015-03-31",
    "symbol": "SUMCF",
    "reportedCurrency": "JPY",
    "cik": "0000000000",
    "fillingDate": "2015-03-31",
    "acceptedDate": "2015-03-31 00:00:00",
    "calendarYear": "2015",
    "period": "Q1",
    "revenue": 60415000000,
    "costOfRevenue": 45361000000,
    "grossProfit": 15054000000,
    "grossProfitRatio": 0.249176529,
    "researchAndDevelopmentExpenses": 0,
    "generalAndAdministrativeExpenses": 0,
    "sellingAndMarketingExpenses": 0,
    "sellingGeneralAndAdministrativeExpenses": 6198000000,
    "otherExpenses": -666000000,
    "operatingExpenses": 6198000000,
    "costAndExpenses": 51559000000,
    "interestIncome": 23000000,
    "interestExpense": 876000000,
    "depreciationAndAmortization": -508000000,
    "ebitda": 8347000000,
    "ebitdaratio": 0.1381610527,
    "operatingIncome": 8855000000,
    "operatingIncomeRatio": 0.1465695605,
    "totalOtherIncomeExpensesNet": -1384000000,
    "incomeBeforeTax": 7471000000,
    "incomeBeforeTaxRatio": 0.1236613424,
    "incomeTaxExpense": 1207000000,
    "netIncome": 5148000000,
    "netIncomeRatio": 0.0852106265,
    "eps": 19.97,
    "epsdiluted": 18.1,
    "weightedAverageShsOut": 257745319,
    "weightedAverageShsOutDil": 284419890,
    "link": null,
    "finalLink": null
  },
  {
    "date": "2014-12-31",
    "symbol": "SUMCF",
    "reportedCurrency": "JPY",
    "cik": "0000000000",
    "fillingDate": "2014-12-31",
    "acceptedDate": "2014-12-31 00:00:00",
    "calendarYear": "2014",
    "period": "Q4",
    "revenue": 57864000000,
    "costOfRevenue": 45221000000,
    "grossProfit": 12643000000,
    "grossProfitRatio": 0.2184950919,
    "researchAndDevelopmentExpenses": 5168000000,
    "generalAndAdministrativeExpenses": -1488000000,
    "sellingAndMarketingExpenses": 3170000000,
    "sellingGeneralAndAdministrativeExpenses": 1682000000,
    "otherExpenses": 418000000,
    "operatingExpenses": 6850000000,
    "costAndExpenses": 52071000000,
    "interestIncome": 17000000,
    "interestExpense": 900000000,
    "depreciationAndAmortization": 729000000,
    "ebitda": 6028000000,
    "ebitdaratio": 0.1126952855,
    "operatingIncome": 5792000000,
    "operatingIncomeRatio": 0.1000967787,
    "totalOtherIncomeExpensesNet": -664000000,
    "incomeBeforeTax": 5128000000,
    "incomeBeforeTaxRatio": 0.0886215955,
    "incomeTaxExpense": 609000000,
    "netIncome": 3538000000,
    "netIncomeRatio": 0.0611433707,
    "eps": 12.56,
    "epsdiluted": 11.55,
    "weightedAverageShsOut": 281727235,
    "weightedAverageShsOutDil": 306315594,
    "link": null,
    "finalLink": null
  },
  {
    "date": "2014-09-30",
    "symbol": "SUMCF",
    "reportedCurrency": "JPY",
    "cik": "0000000000",
    "fillingDate": "2014-09-30",
    "acceptedDate": "2014-09-30 00:00:00",
    "calendarYear": "2014",
    "period": "Q3",
    "revenue": 58433000000,
    "costOfRevenue": 45333000000,
    "grossProfit": 13100000000,
    "grossProfitRatio": 0.2241883867,
    "researchAndDevelopmentExpenses": 0,
    "generalAndAdministrativeExpenses": 0,
    "sellingAndMarketingExpenses": 0,
    "sellingGeneralAndAdministrativeExpenses": 5858000000,
    "otherExpenses": -133000000,
    "operatingExpenses": 5858000000,
    "costAndExpenses": 51191000000,
    "interestIncome": 10000000,
    "interestExpense": 889000000,
    "depreciationAndAmortization": 91000000,
    "ebitda": 7334000000,
    "ebitdaratio": 0.1255112693,
    "operatingIncome": 7243000000,
    "operatingIncomeRatio": 0.1239539301,
    "totalOtherIncomeExpensesNet": -798000000,
    "incomeBeforeTax": 6445000000,
    "incomeBeforeTaxRatio": 0.1102972635,
    "incomeTaxExpense": 644000000,
    "netIncome": 4928000000,
    "netIncomeRatio": 0.0843359061,
    "eps": 17.07,
    "epsdiluted": 16.09,
    "weightedAverageShsOut": 288662769,
    "weightedAverageShsOutDil": 306315698,
    "link": null,
    "finalLink": null
  },
  {
    "date": "2014-06-30",
    "symbol": "SUMCF",
    "reportedCurrency": "JPY",
    "cik": "0000000000",
    "fillingDate": "2014-06-30",
    "acceptedDate": "2014-06-30 00:00:00",
    "calendarYear": "2014",
    "period": "Q2",
    "revenue": 58091000000,
    "costOfRevenue": 44578000000,
    "grossProfit": 13513000000,
    "grossProfitRatio": 0.2326177893,
    "researchAndDevelopmentExpenses": 0,
    "generalAndAdministrativeExpenses": 0,
    "sellingAndMarketingExpenses": 0,
    "sellingGeneralAndAdministrativeExpenses": 5970000000,
    "otherExpenses": -188000000,
    "operatingExpenses": 5970000000,
    "costAndExpenses": 50548000000,
    "interestIncome": 9000000,
    "interestExpense": 923000000,
    "depreciationAndAmortization": -299000000,
    "ebitda": 7245000000,
    "ebitdaratio": 0.1247181147,
    "operatingIncome": 7544000000,
    "operatingIncomeRatio": 0.1298652115,
    "totalOtherIncomeExpensesNet": -1222000000,
    "incomeBeforeTax": 6322000000,
    "incomeBeforeTaxRatio": 0.1088292507,
    "incomeTaxExpense": 701000000,
    "netIncome": 5015000000,
    "netIncomeRatio": 0.0863300683,
    "eps": 17.34,
    "epsdiluted": 16.37,
    "weightedAverageShsOut": 289213361,
    "weightedAverageShsOutDil": 306315735,
    "link": null,
    "finalLink": null
  },
  {
    "date": "2014-03-31",
    "symbol": "SUMCF",
    "reportedCurrency": "JPY",
    "cik": "0000000000",
    "fillingDate": "2014-03-31",
    "acceptedDate": "2014-03-31 00:00:00",
    "calendarYear": "2014",
    "period": "Q1",
    "revenue": 50931000000,
    "costOfRevenue": 40353000000,
    "grossProfit": 10578000000,
    "grossProfitRatio": 0.2076927608,
    "researchAndDevelopmentExpenses": 0,
    "generalAndAdministrativeExpenses": 0,
    "sellingAndMarketingExpenses": 0,
    "sellingGeneralAndAdministrativeExpenses": 5513000000,
    "otherExpenses": 2000000,
    "operatingExpenses": 5513000000,
    "costAndExpenses": 45866000000,
    "interestIncome": 8000000,
    "interestExpense": 925000000,
    "depreciationAndAmortization": -107000000,
    "ebitda": 4956000000,
    "ebitdaratio": 0.0973081228,
    "operatingIncome": 5063000000,
    "operatingIncomeRatio": 0.0994090043,
    "totalOtherIncomeExpensesNet": -1032000000,
    "incomeBeforeTax": 4031000000,
    "incomeBeforeTaxRatio": 0.079146296,
    "incomeTaxExpense": 625000000,
    "netIncome": 2808000000,
    "netIncomeRatio": 0.0551334158,
    "eps": 10.89,
    "epsdiluted": 9.17,
    "weightedAverageShsOut": 257745895,
    "weightedAverageShsOutDil": 306215921,
    "link": null,
    "finalLink": null
  },
  {
    "date": "2013-10-31",
    "symbol": "SUMCF",
    "reportedCurrency": "JPY",
    "cik": "0000000000",
    "fillingDate": "2013-10-31",
    "acceptedDate": "2013-10-31 00:00:00",
    "calendarYear": "2013",
    "period": "Q3",
    "revenue": 46730000000,
    "costOfRevenue": 37871000000,
    "grossProfit": 8859000000,
    "grossProfitRatio": 0.1895784293,
    "researchAndDevelopmentExpenses": 0,
    "generalAndAdministrativeExpenses": 0,
    "sellingAndMarketingExpenses": 0,
    "sellingGeneralAndAdministrativeExpenses": 0,
    "otherExpenses": -456000000,
    "operatingExpenses": 5140000000,
    "costAndExpenses": 43011000000,
    "interestIncome": 8000000,
    "interestExpense": 886000000,
    "depreciationAndAmortization": -889000000,
    "ebitda": 2259000000,
    "ebitdaratio": 0.0605820672,
    "operatingIncome": 3720000000,
    "operatingIncomeRatio": 0.0796062487,
    "totalOtherIncomeExpensesNet": -2347000000,
    "incomeBeforeTax": 1373000000,
    "incomeBeforeTaxRatio": 0.0293815536,
    "incomeTaxExpense": 719000000,
    "netIncome": 259000000,
    "netIncomeRatio": 0.0055424781,
    "eps": 0,
    "epsdiluted": 0,
    "weightedAverageShsOut": 0,
    "weightedAverageShsOutDil": 0,
    "link": null,
    "finalLink": null
  },
  {
    "date": "2013-07-31",
    "symbol": "SUMCF",
    "reportedCurrency": "JPY",
    "cik": "0000000000",
    "fillingDate": "2013-07-31",
    "acceptedDate": "2013-07-31 00:00:00",
    "calendarYear": "2013",
    "period": "Q2",
    "revenue": 53989000000,
    "costOfRevenue": 41068000000,
    "grossProfit": 12921000000,
    "grossProfitRatio": 0.2393265295,
    "researchAndDevelopmentExpenses": 0,
    "generalAndAdministrativeExpenses": 0,
    "sellingAndMarketingExpenses": 0,
    "sellingGeneralAndAdministrativeExpenses": 0,
    "otherExpenses": -1067000000,
    "operatingExpenses": 5222000000,
    "costAndExpenses": 46290000000,
    "interestIncome": 9000000,
    "interestExpense": 855000000,
    "depreciationAndAmortization": -4387000000,
    "ebitda": 1338000000,
    "ebitdaratio": 0.0613458297,
    "operatingIncome": 7699000000,
    "operatingIncomeRatio": 0.1426031229,
    "totalOtherIncomeExpensesNet": -7216000000,
    "incomeBeforeTax": 483000000,
    "incomeBeforeTaxRatio": 0.0089462668,
    "incomeTaxExpense": 496000000,
    "netIncome": -465000000,
    "netIncomeRatio": -0.0086128656,
    "eps": 0,
    "epsdiluted": 0,
    "weightedAverageShsOut": 0,
    "weightedAverageShsOutDil": 0,
    "link": null,
    "finalLink": null
  },
  {
    "date": "2013-04-30",
    "symbol": "SUMCF",
    "reportedCurrency": "JPY",
    "cik": "0000000000",
    "fillingDate": "2013-04-30",
    "acceptedDate": "2013-04-30 00:00:00",
    "calendarYear": "2013",
    "period": "Q1",
    "revenue": 46646000000,
    "costOfRevenue": 37359000000,
    "grossProfit": 9287000000,
    "grossProfitRatio": 0.1990953136,
    "researchAndDevelopmentExpenses": 0,
    "generalAndAdministrativeExpenses": 0,
    "sellingAndMarketingExpenses": 0,
    "sellingGeneralAndAdministrativeExpenses": 0,
    "otherExpenses": 11000000,
    "operatingExpenses": 5132000000,
    "costAndExpenses": 42491000000,
    "interestIncome": 8000000,
    "interestExpense": 829000000,
    "depreciationAndAmortization": -2042000000,
    "ebitda": 2000000000,
    "ebitdaratio": 0.0452771942,
    "operatingIncome": 4154000000,
    "operatingIncomeRatio": 0.0890537238,
    "totalOtherIncomeExpensesNet": -2983000000,
    "incomeBeforeTax": 1171000000,
    "incomeBeforeTaxRatio": 0.0251039746,
    "incomeTaxExpense": 245000000,
    "netIncome": 588000000,
    "netIncomeRatio": 0.0126055825,
    "eps": 2.28,
    "epsdiluted": 2.28,
    "weightedAverageShsOut": 257746460,
    "weightedAverageShsOutDil": 257746460,
    "link": null,
    "finalLink": null
  },
  {
    "date": "2013-01-31",
    "symbol": "SUMCF",
    "reportedCurrency": "JPY",
    "cik": "0000000000",
    "fillingDate": "2013-01-31",
    "acceptedDate": "2013-01-31 00:00:00",
    "calendarYear": "2012",
    "period": "Q4",
    "revenue": 46446000000,
    "costOfRevenue": 37464000000,
    "grossProfit": 8982000000,
    "grossProfitRatio": 0.1933858675,
    "researchAndDevelopmentExpenses": 4681000000,
    "generalAndAdministrativeExpenses": -3338000000,
    "sellingAndMarketingExpenses": 5233000000,
    "sellingGeneralAndAdministrativeExpenses": 1895000000,
    "otherExpenses": 79000000,
    "operatingExpenses": 5396000000,
    "costAndExpenses": 42860000000,
    "interestIncome": 15000000,
    "interestExpense": 786000000,
    "depreciationAndAmortization": -789000000,
    "ebitda": 2935000000,
    "ebitdaratio": 0.0602204711,
    "operatingIncome": 3586000000,
    "operatingIncomeRatio": 0.0772079404,
    "totalOtherIncomeExpensesNet": -1437000000,
    "incomeBeforeTax": 2149000000,
    "incomeBeforeTaxRatio": 0.0462687853,
    "incomeTaxExpense": -1284000000,
    "netIncome": 3266000000,
    "netIncomeRatio": 0.070318219,
    "eps": 12.67,
    "epsdiluted": 12.67,
    "weightedAverageShsOut": 257746608,
    "weightedAverageShsOutDil": 257746625,
    "link": null,
    "finalLink": null
  },
  {
    "date": "2012-10-31",
    "symbol": "SUMCF",
    "reportedCurrency": "JPY",
    "cik": "0000000000",
    "fillingDate": "2012-10-31",
    "acceptedDate": "2012-10-31 00:00:00",
    "calendarYear": "2012",
    "period": "Q3",
    "revenue": 51583000000,
    "costOfRevenue": 42959000000,
    "grossProfit": 8624000000,
    "grossProfitRatio": 0.1671868639,
    "researchAndDevelopmentExpenses": 0,
    "generalAndAdministrativeExpenses": 0,
    "sellingAndMarketingExpenses": 0,
    "sellingGeneralAndAdministrativeExpenses": 5893000000,
    "otherExpenses": 232000000,
    "operatingExpenses": 5893000000,
    "costAndExpenses": 48852000000,
    "interestIncome": 6000000,
    "interestExpense": 796000000,
    "depreciationAndAmortization": 493000000,
    "ebitda": 3224000000,
    "ebitdaratio": 0.0625012116,
    "operatingIncome": 2731000000,
    "operatingIncomeRatio": 0.0529437993,
    "totalOtherIncomeExpensesNet": -6873000000,
    "incomeBeforeTax": -4142000000,
    "incomeBeforeTaxRatio": -0.0802977725,
    "incomeTaxExpense": 177000000,
    "netIncome": -4820000000,
    "netIncomeRatio": -0.0934416377,
    "eps": -19.94,
    "epsdiluted": -18.7,
    "weightedAverageShsOut": 241692689,
    "weightedAverageShsOutDil": 257746757,
    "link": null,
    "finalLink": null
  },
  {
    "date": "2012-07-31",
    "symbol": "SUMCF",
    "reportedCurrency": "JPY",
    "cik": "0000000000",
    "fillingDate": "2012-07-31",
    "acceptedDate": "2012-07-31 00:00:00",
    "calendarYear": "2012",
    "period": "Q2",
    "revenue": 55907000000,
    "costOfRevenue": 45841000000,
    "grossProfit": 10066000000,
    "grossProfitRatio": 0.18004901,
    "researchAndDevelopmentExpenses": 0,
    "generalAndAdministrativeExpenses": 0,
    "sellingAndMarketingExpenses": 0,
    "sellingGeneralAndAdministrativeExpenses": 6084000000,
    "otherExpenses": -99000000,
    "operatingExpenses": 6084000000,
    "costAndExpenses": 51925000000,
    "interestIncome": 10000000,
    "interestExpense": 828000000,
    "depreciationAndAmortization": 351000000,
    "ebitda": 4364000000,
    "ebitdaratio": 0.0774858247,
    "operatingIncome": 3981000000,
    "operatingIncomeRatio": 0.0712075411,
    "totalOtherIncomeExpensesNet": -445000000,
    "incomeBeforeTax": 3536000000,
    "incomeBeforeTaxRatio": 0.0632478938,
    "incomeTaxExpense": 164000000,
    "netIncome": 2839000000,
    "netIncomeRatio": 0.0507807609,
    "eps": 10.54,
    "epsdiluted": 9.25,
    "weightedAverageShsOut": 269385286,
    "weightedAverageShsOutDil": 306772879,
    "link": null,
    "finalLink": null
  },
  {
    "date": "2012-04-30",
    "symbol": "SUMCF",
    "reportedCurrency": "JPY",
    "cik": "0000000000",
    "fillingDate": "2012-04-30",
    "acceptedDate": "2012-04-30 00:00:00",
    "calendarYear": "2012",
    "period": "Q1",
    "revenue": 52755000000,
    "costOfRevenue": 43631000000,
    "grossProfit": 9124000000,
    "grossProfitRatio": 0.1729504312,
    "researchAndDevelopmentExpenses": 0,
    "generalAndAdministrativeExpenses": 0,
    "sellingAndMarketingExpenses": 0,
    "sellingGeneralAndAdministrativeExpenses": 6206000000,
    "otherExpenses": 248000000,
    "operatingExpenses": 6206000000,
    "costAndExpenses": 49837000000,
    "interestIncome": 3000000,
    "interestExpense": 827000000,
    "depreciationAndAmortization": -99000000,
    "ebitda": 3187000000,
    "ebitdaratio": 0.0534167377,
    "operatingIncome": 2917000000,
    "operatingIncomeRatio": 0.0552933371,
    "totalOtherIncomeExpensesNet": -557000000,
    "incomeBeforeTax": 2360000000,
    "incomeBeforeTaxRatio": 0.0447350962,
    "incomeTaxExpense": 180000000,
    "netIncome": 2141000000,
    "netIncomeRatio": 0.0405838309,
    "eps": 8.31,
    "epsdiluted": 8.31,
    "weightedAverageShsOut": 257746857,
    "weightedAverageShsOutDil": 257746857,
    "link": null,
    "finalLink": null
  },
  {
    "date": "2012-01-31",
    "symbol": "SUMCF",
    "reportedCurrency": "JPY",
    "cik": "0000000000",
    "fillingDate": "2012-01-31",
    "acceptedDate": "2012-01-31 00:00:00",
    "calendarYear": "2011",
    "period": "Q4",
    "revenue": 49931000000,
    "costOfRevenue": 48431000000,
    "grossProfit": 1500000000,
    "grossProfitRatio": 0.0300414572,
    "researchAndDevelopmentExpenses": 5801000000,
    "generalAndAdministrativeExpenses": -3784000000,
    "sellingAndMarketingExpenses": 6345000000,
    "sellingGeneralAndAdministrativeExpenses": 2561000000,
    "otherExpenses": 2522000000,
    "operatingExpenses": 6942000000,
    "costAndExpenses": 55373000000,
    "interestIncome": 3000000,
    "interestExpense": 870000000,
    "depreciationAndAmortization": 13825000000,
    "ebitda": 11061000000,
    "ebitdaratio": 0.2215257055,
    "operatingIncome": -2764000000,
    "operatingIncomeRatio": -0.0553563918,
    "totalOtherIncomeExpensesNet": -49597000000,
    "incomeBeforeTax": -55040000000,
    "incomeBeforeTaxRatio": -1.1023212033,
    "incomeTaxExpense": 27419000000,
    "netIncome": -82259000000,
    "netIncomeRatio": -1.6474534858,
    "eps": -319.15,
    "epsdiluted": -319.15,
    "weightedAverageShsOut": 257746872,
    "weightedAverageShsOutDil": 257746872,
    "link": null,
    "finalLink": null
  },
  {
    "date": "2011-10-31",
    "symbol": "SUMCF",
    "reportedCurrency": "JPY",
    "cik": "0000000000",
    "fillingDate": "2011-10-31",
    "acceptedDate": "2011-10-31 00:00:00",
    "calendarYear": "2011",
    "period": "Q3",
    "revenue": 62307000000,
    "costOfRevenue": 53959000000,
    "grossProfit": 8348000000,
    "grossProfitRatio": 0.1339817356,
    "researchAndDevelopmentExpenses": 0,
    "generalAndAdministrativeExpenses": 0,
    "sellingAndMarketingExpenses": 0,
    "sellingGeneralAndAdministrativeExpenses": 7365000000,
    "otherExpenses": -647000000,
    "operatingExpenses": 7365000000,
    "costAndExpenses": 61324000000,
    "interestIncome": 13000000,
    "interestExpense": 921000000,
    "depreciationAndAmortization": 13865000000,
    "ebitda": 14264000000,
    "ebitdaratio": 0.2324457926,
    "operatingIncome": 618000000,
    "operatingIncomeRatio": 0.0099186287,
    "totalOtherIncomeExpensesNet": -921000000,
    "incomeBeforeTax": -303000000,
    "incomeBeforeTaxRatio": -0.004863017,
    "incomeTaxExpense": 168000000,
    "netIncome": -748000000,
    "netIncomeRatio": -0.0120050717,
    "eps": -2.9,
    "epsdiluted": -2.9,
    "weightedAverageShsOut": 257746929,
    "weightedAverageShsOutDil": 257746929,
    "link": null,
    "finalLink": null
  },
  {
    "date": "2011-07-31",
    "symbol": "SUMCF",
    "reportedCurrency": "JPY",
    "cik": "0000000000",
    "fillingDate": "2011-07-31",
    "acceptedDate": "2011-07-31 00:00:00",
    "calendarYear": "2011",
    "period": "Q2",
    "revenue": 69245000000,
    "costOfRevenue": 59037000000,
    "grossProfit": 10208000000,
    "grossProfitRatio": 0.1474185862,
    "researchAndDevelopmentExpenses": 0,
    "generalAndAdministrativeExpenses": 0,
    "sellingAndMarketingExpenses": 0,
    "sellingGeneralAndAdministrativeExpenses": 0,
    "otherExpenses": -833000000,
    "operatingExpenses": 6701000000,
    "costAndExpenses": 65738000000,
    "interestIncome": 16000000,
    "interestExpense": 967000000,
    "depreciationAndAmortization": 13542000000,
    "ebitda": 15816000000,
    "ebitdaratio": 0.2284063831,
    "operatingIncome": 2274000000,
    "operatingIncomeRatio": 0.0328399162,
    "totalOtherIncomeExpensesNet": -2200000000,
    "incomeBeforeTax": 1307000000,
    "incomeBeforeTaxRatio": 0.018875009,
    "incomeTaxExpense": 517000000,
    "netIncome": 618000000,
    "netIncomeRatio": 0.0089248321,
    "eps": 2.4,
    "epsdiluted": 2.4,
    "weightedAverageShsOut": 257747010,
    "weightedAverageShsOutDil": 257747010,
    "link": null,
    "finalLink": null
  },
  {
    "date": "2011-04-30",
    "symbol": "SUMCF",
    "reportedCurrency": "JPY",
    "cik": "0000000000",
    "fillingDate": "2011-04-30",
    "acceptedDate": "2011-04-30 00:00:00",
    "calendarYear": "2011",
    "period": "Q1",
    "revenue": 65692000000,
    "costOfRevenue": 56669000000,
    "grossProfit": 9023000000,
    "grossProfitRatio": 0.1373531024,
    "researchAndDevelopmentExpenses": 0,
    "generalAndAdministrativeExpenses": 0,
    "sellingAndMarketingExpenses": 0,
    "sellingGeneralAndAdministrativeExpenses": 0,
    "otherExpenses": -920000000,
    "operatingExpenses": 7103000000,
    "costAndExpenses": 63772000000,
    "interestIncome": 14000000,
    "interestExpense": 992000000,
    "depreciationAndAmortization": 13483000000,
    "ebitda": 14703000000,
    "ebitdaratio": 0.2238172076,
    "operatingIncome": 1220000000,
    "operatingIncomeRatio": 0.0185715156,
    "totalOtherIncomeExpensesNet": -3519000000,
    "incomeBeforeTax": -1601000000,
    "incomeBeforeTaxRatio": -0.0243713085,
    "incomeTaxExpense": 344000000,
    "netIncome": -1981000000,
    "netIncomeRatio": -0.030155879,
    "eps": -7.69,
    "epsdiluted": -7.69,
    "weightedAverageShsOut": 257747089,
    "weightedAverageShsOutDil": 257747089,
    "link": null,
    "finalLink": null
  },
  {
    "date": "2011-01-31",
    "symbol": "SUMCF",
    "reportedCurrency": "JPY",
    "cik": "0000000000",
    "fillingDate": "2011-01-31",
    "acceptedDate": "2011-01-31 00:00:00",
    "calendarYear": "2010",
    "period": "Q4",
    "revenue": 63920000000,
    "costOfRevenue": 62148000000,
    "grossProfit": 1772000000,
    "grossProfitRatio": 0.0277221527,
    "researchAndDevelopmentExpenses": 0,
    "generalAndAdministrativeExpenses": 0,
    "sellingAndMarketingExpenses": 0,
    "sellingGeneralAndAdministrativeExpenses": 0,
    "otherExpenses": -2813000000,
    "operatingExpenses": 7638000000,
    "costAndExpenses": 69786000000,
    "interestIncome": 16000000,
    "interestExpense": 1038000000,
    "depreciationAndAmortization": 20110000000,
    "ebitda": 11765000000,
    "ebitdaratio": 0.1840581977,
    "operatingIncome": -8345000000,
    "operatingIncomeRatio": -0.1305538173,
    "totalOtherIncomeExpensesNet": -25836000000,
    "incomeBeforeTax": -31702000000,
    "incomeBeforeTaxRatio": -0.4959637046,
    "incomeTaxExpense": 196000000,
    "netIncome": -31698000000,
    "netIncomeRatio": -0.4959011264,
    "eps": 0,
    "epsdiluted": 0,
    "weightedAverageShsOut": 0,
    "weightedAverageShsOutDil": 0,
    "link": null,
    "finalLink": null
  },
  {
    "date": "2010-10-31",
    "symbol": "SUMCF",
    "reportedCurrency": "JPY",
    "cik": "0000000000",
    "fillingDate": "2010-10-31",
    "acceptedDate": "2010-10-31 00:00:00",
    "calendarYear": "2010",
    "period": "Q3",
    "revenue": 70705000000,
    "costOfRevenue": 64391000000,
    "grossProfit": 6314000000,
    "grossProfitRatio": 0.0893006152,
    "researchAndDevelopmentExpenses": 0,
    "generalAndAdministrativeExpenses": 0,
    "sellingAndMarketingExpenses": 0,
    "sellingGeneralAndAdministrativeExpenses": 0,
    "otherExpenses": -2766000000,
    "operatingExpenses": 7754000000,
    "costAndExpenses": 72145000000,
    "interestIncome": 16000000,
    "interestExpense": 1185000000,
    "depreciationAndAmortization": 20108000000,
    "ebitda": 14290000000,
    "ebitdaratio": 0.2040591189,
    "operatingIncome": -5680000000,
    "operatingIncomeRatio": -0.0803337812,
    "totalOtherIncomeExpensesNet": -5563000000,
    "incomeBeforeTax": -7003000000,
    "incomeBeforeTaxRatio": -0.0990453292,
    "incomeTaxExpense": 18384000000,
    "netIncome": -25494000000,
    "netIncomeRatio": -0.3605685595,
    "eps": -98.91,
    "epsdiluted": -98.91,
    "weightedAverageShsOut": 257747473,
    "weightedAverageShsOutDil": 257747473,
    "link": null,
    "finalLink": null
  },
  {
    "date": "2010-07-31",
    "symbol": "SUMCF",
    "reportedCurrency": "JPY",
    "cik": "0000000000",
    "fillingDate": "2010-07-31",
    "acceptedDate": "2010-07-31 00:00:00",
    "calendarYear": "2010",
    "period": "Q2",
    "revenue": 75185000000,
    "costOfRevenue": 66230000000,
    "grossProfit": 8955000000,
    "grossProfitRatio": 0.1191062047,
    "researchAndDevelopmentExpenses": 0,
    "generalAndAdministrativeExpenses": 0,
    "sellingAndMarketingExpenses": 0,
    "sellingGeneralAndAdministrativeExpenses": 0,
    "otherExpenses": -3183000000,
    "operatingExpenses": 7565000000,
    "costAndExpenses": 73795000000,
    "interestIncome": 14000000,
    "interestExpense": 1266000000,
    "depreciationAndAmortization": 20409000000,
    "ebitda": 17808000000,
    "ebitdaratio": 0.2426813859,
    "operatingIncome": -2163000000,
    "operatingIncomeRatio": -0.0287690364,
    "totalOtherIncomeExpensesNet": -5257000000,
    "incomeBeforeTax": -3867000000,
    "incomeBeforeTaxRatio": -0.0514331316,
    "incomeTaxExpense": -67000000,
    "netIncome": -3557000000,
    "netIncomeRatio": -0.0473099687,
    "eps": -13.8,
    "epsdiluted": -13.8,
    "weightedAverageShsOut": 257747500,
    "weightedAverageShsOutDil": 257747500,
    "link": null,
    "finalLink": null
  },
  {
    "date": "2010-04-30",
    "symbol": "SUMCF",
    "reportedCurrency": "JPY",
    "cik": "0000000000",
    "fillingDate": "2010-04-30",
    "acceptedDate": "2010-04-30 00:00:00",
    "calendarYear": "2010",
    "period": "Q1",
    "revenue": 67151000000,
    "costOfRevenue": 61720000000,
    "grossProfit": 5431000000,
    "grossProfitRatio": 0.0808774255,
    "researchAndDevelopmentExpenses": 0,
    "generalAndAdministrativeExpenses": 0,
    "sellingAndMarketingExpenses": 0,
    "sellingGeneralAndAdministrativeExpenses": 0,
    "otherExpenses": -3104000000,
    "operatingExpenses": 7945000000,
    "costAndExpenses": 69665000000,
    "interestIncome": 22000000,
    "interestExpense": 1226000000,
    "depreciationAndAmortization": 20592000000,
    "ebitda": 15233000000,
    "ebitdaratio": 0.228410597,
    "operatingIncome": -5254000000,
    "operatingIncomeRatio": -0.078241575,
    "totalOtherIncomeExpensesNet": -4071000000,
    "incomeBeforeTax": -6585000000,
    "incomeBeforeTaxRatio": -0.0980625754,
    "incomeTaxExpense": -1669000000,
    "netIncome": -4837000000,
    "netIncomeRatio": -0.0720316898,
    "eps": -18.77,
    "epsdiluted": -18.77,
    "weightedAverageShsOut": 257747801,
    "weightedAverageShsOutDil": 257747801,
    "link": null,
    "finalLink": null
  },
  {
    "date": "2010-01-31",
    "symbol": "SUMCF",
    "reportedCurrency": "JPY",
    "cik": "0000000000",
    "fillingDate": "2010-01-31",
    "acceptedDate": "2010-01-31 00:00:00",
    "calendarYear": "2009",
    "period": "Q4",
    "revenue": 61505000000,
    "costOfRevenue": 73317000000,
    "grossProfit": -11812000000,
    "grossProfitRatio": -0.1920494269,
    "researchAndDevelopmentExpenses": 0,
    "generalAndAdministrativeExpenses": 0,
    "sellingAndMarketingExpenses": 0,
    "sellingGeneralAndAdministrativeExpenses": 0,
    "otherExpenses": -6679000000,
    "operatingExpenses": 7768000000,
    "costAndExpenses": 81085000000,
    "interestIncome": 24000000,
    "interestExpense": 1333000000,
    "depreciationAndAmortization": 32843000000,
    "ebitda": 6529000000,
    "ebitdaratio": 0.1061539712,
    "operatingIncome": -26314000000,
    "operatingIncomeRatio": -0.4278351354,
    "totalOtherIncomeExpensesNet": -19922000000,
    "incomeBeforeTax": -39502000000,
    "incomeBeforeTaxRatio": -0.6422567271,
    "incomeTaxExpense": -10192000000,
    "netIncome": -28860000000,
    "netIncomeRatio": -0.4692301439,
    "eps": 0,
    "epsdiluted": 0,
    "weightedAverageShsOut": 0,
    "weightedAverageShsOutDil": 0,
    "link": null,
    "finalLink": null
  },
  {
    "date": "2009-10-31",
    "symbol": "SUMCF",
    "reportedCurrency": "JPY",
    "cik": "0000000000",
    "fillingDate": "2009-10-31",
    "acceptedDate": "2009-10-31 00:00:00",
    "calendarYear": "2009",
    "period": "Q3",
    "revenue": 60935000000,
    "costOfRevenue": 71401000000,
    "grossProfit": -10466000000,
    "grossProfitRatio": -0.17175679,
    "researchAndDevelopmentExpenses": 0,
    "generalAndAdministrativeExpenses": 0,
    "sellingAndMarketingExpenses": 0,
    "sellingGeneralAndAdministrativeExpenses": 0,
    "otherExpenses": -6624000000,
    "operatingExpenses": 7622000000,
    "costAndExpenses": 79023000000,
    "interestIncome": 25000000,
    "interestExpense": 1205000000,
    "depreciationAndAmortization": 32483000000,
    "ebitda": 7199000000,
    "ebitdaratio": 0.1270041848,
    "operatingIncome": -24744000000,
    "operatingIncomeRatio": -0.406072044,
    "totalOtherIncomeExpensesNet": -8401000000,
    "incomeBeforeTax": -26489000000,
    "incomeBeforeTaxRatio": -0.4347091163,
    "incomeTaxExpense": -7138000000,
    "netIncome": -18691000000,
    "netIncomeRatio": -0.3067366866,
    "eps": -72.52,
    "epsdiluted": -72.52,
    "weightedAverageShsOut": 257748739,
    "weightedAverageShsOutDil": 257748739,
    "link": null,
    "finalLink": null
  },
  {
    "date": "2009-07-31",
    "symbol": "SUMCF",
    "reportedCurrency": "JPY",
    "cik": "0000000000",
    "fillingDate": "2009-07-31",
    "acceptedDate": "2009-07-31 00:00:00",
    "calendarYear": "2009",
    "period": "Q2",
    "revenue": 56378000000,
    "costOfRevenue": 66013000000,
    "grossProfit": -9635000000,
    "grossProfitRatio": -0.1708999965,
    "researchAndDevelopmentExpenses": 0,
    "generalAndAdministrativeExpenses": 0,
    "sellingAndMarketingExpenses": 0,
    "sellingGeneralAndAdministrativeExpenses": 0,
    "otherExpenses": -6613000000,
    "operatingExpenses": 7918000000,
    "costAndExpenses": 73931000000,
    "interestIncome": 28000000,
    "interestExpense": 1148000000,
    "depreciationAndAmortization": 31932000000,
    "ebitda": 5467000000,
    "ebitdaratio": 0.1448082585,
    "operatingIncome": -23768000000,
    "operatingIncomeRatio": -0.4215828869,
    "totalOtherIncomeExpensesNet": -10060000000,
    "incomeBeforeTax": -27613000000,
    "incomeBeforeTaxRatio": -0.4897832488,
    "incomeTaxExpense": -600000000,
    "netIncome": -26106000000,
    "netIncomeRatio": -0.4630529639,
    "eps": -101.28,
    "epsdiluted": -101.28,
    "weightedAverageShsOut": 257748739,
    "weightedAverageShsOutDil": 257748739,
    "link": null,
    "finalLink": null
  }
]