[
  {
    "date": "2024-06-30",
    "symbol": "NTDOF",
    "reportedCurrency": "JPY",
    "cik": "0000000000",
    "fillingDate": "2024-06-30",
    "acceptedDate": "2024-06-28 20:00:00",
    "calendarYear": "2025",
    "period": "Q1",
    "revenue": 246638000000,
    "costOfRevenue": 94178000000,
    "grossProfit": 152460000000,
    "grossProfitRatio": 0.6181529205,
    "researchAndDevelopmentExpenses": 0,
    "generalAndAdministrativeExpenses": 0,
    "sellingAndMarketingExpenses": 0,
    "sellingGeneralAndAdministrativeExpenses": 97950000000,
    "otherExpenses": 0,
    "operatingExpenses": 55089000000,
    "costAndExpenses": 149267000000,
    "interestIncome": 16132000000,
    "interestExpense": 50000000,
    "depreciationAndAmortization": 4464000000,
    "ebitda": 58974000000,
    "ebitdaratio": 0.2391115724,
    "operatingIncome": 54510000000,
    "operatingIncomeRatio": 0.2210121717,
    "totalOtherIncomeExpensesNet": 58943000000,
    "incomeBeforeTax": 113453000000,
    "incomeBeforeTaxRatio": 0.4599980538,
    "incomeTaxExpense": 32490000000,
    "netIncome": 80954000000,
    "netIncomeRatio": 0.3282300375,
    "eps": 69.53,
    "epsdiluted": 69.53,
    "weightedAverageShsOut": 1164238461,
    "weightedAverageShsOutDil": 1164238449,
    "link": null,
    "finalLink": null
  },
  {
    "date": "2024-03-31",
    "symbol": "NTDOF",
    "reportedCurrency": "JPY",
    "cik": "0000000000",
    "fillingDate": "2024-03-31",
    "acceptedDate": "2024-03-29 20:00:00",
    "calendarYear": "2024",
    "period": "Q4",
    "revenue": 277069000000,
    "costOfRevenue": 100971000000,
    "grossProfit": 176098000000,
    "grossProfitRatio": 0.635574532,
    "researchAndDevelopmentExpenses": 45384000000,
    "generalAndAdministrativeExpenses": -38129000000,
    "sellingAndMarketingExpenses": 104312000000,
    "sellingGeneralAndAdministrativeExpenses": 66183000000,
    "otherExpenses": 1420000000,
    "operatingExpenses": 111567000000,
    "costAndExpenses": 212538000000,
    "interestIncome": 14810000000,
    "interestExpense": 73000000,
    "depreciationAndAmortization": 3709000000,
    "ebitda": 68240000000,
    "ebitdaratio": 0.2462924398,
    "operatingIncome": 64531000000,
    "operatingIncomeRatio": 0.2329058827,
    "totalOtherIncomeExpensesNet": 48893000000,
    "incomeBeforeTax": 113424000000,
    "incomeBeforeTaxRatio": 0.4093709509,
    "incomeTaxExpense": 30839000000,
    "netIncome": 82561000000,
    "netIncomeRatio": 0.2979799256,
    "eps": 70.91,
    "epsdiluted": 70.91,
    "weightedAverageShsOut": 1164238490,
    "weightedAverageShsOutDil": 1164238490,
    "link": null,
    "finalLink": null
  },
  {
    "date": "2023-12-31",
    "symbol": "NTDOF",
    "reportedCurrency": "JPY",
    "cik": "0000000000",
    "fillingDate": "2023-12-31",
    "acceptedDate": "2023-12-30 19:00:00",
    "calendarYear": "2024",
    "period": "Q3",
    "revenue": 598559000000,
    "costOfRevenue": 292355000000,
    "grossProfit": 306204000000,
    "grossProfitRatio": 0.5115686173,
    "researchAndDevelopmentExpenses": 32932000000,
    "generalAndAdministrativeExpenses": 0,
    "sellingAndMarketingExpenses": 0,
    "sellingGeneralAndAdministrativeExpenses": 88771000000,
    "otherExpenses": -11665000000,
    "operatingExpenses": 121703000000,
    "costAndExpenses": 414058000000,
    "interestIncome": 13146000000,
    "interestExpense": 30000000,
    "depreciationAndAmortization": 2812000000,
    "ebitda": 187312000000,
    "ebitdaratio": 0.31293824,
    "operatingIncome": 184500000000,
    "operatingIncomeRatio": 0.3082402904,
    "totalOtherIncomeExpensesNet": 2818000000,
    "incomeBeforeTax": 187318000000,
    "incomeBeforeTaxRatio": 0.3129482641,
    "incomeTaxExpense": 50509000000,
    "netIncome": 136743000000,
    "netIncomeRatio": 0.2284536696,
    "eps": 117.45,
    "epsdiluted": 117.45,
    "weightedAverageShsOut": 1164238645,
    "weightedAverageShsOutDil": 1164238645,
    "link": null,
    "finalLink": null
  },
  {
    "date": "2023-09-30",
    "symbol": "NTDOF",
    "reportedCurrency": "JPY",
    "cik": "0000000000",
    "fillingDate": "2023-09-30",
    "acceptedDate": "2023-09-29 20:00:00",
    "calendarYear": "2024",
    "period": "Q2",
    "revenue": 334896000000,
    "costOfRevenue": 143962000000,
    "grossProfit": 190934000000,
    "grossProfitRatio": 0.5701292342,
    "researchAndDevelopmentExpenses": 30048000000,
    "generalAndAdministrativeExpenses": 0,
    "sellingAndMarketingExpenses": 0,
    "sellingGeneralAndAdministrativeExpenses": 66419000000,
    "otherExpenses": 8705000000,
    "operatingExpenses": 96467000000,
    "costAndExpenses": 240429000000,
    "interestIncome": 12677000000,
    "interestExpense": 31000000,
    "depreciationAndAmortization": 31954000000,
    "ebitda": 126423000000,
    "ebitdaratio": 0.3774992834,
    "operatingIncome": 94469000000,
    "operatingIncomeRatio": 0.2820845875,
    "totalOtherIncomeExpensesNet": 31758000000,
    "incomeBeforeTax": 126227000000,
    "incomeBeforeTaxRatio": 0.376914027,
    "incomeTaxExpense": 35967000000,
    "netIncome": 90279000000,
    "netIncomeRatio": 0.2695732406,
    "eps": 77.54,
    "epsdiluted": 77.54,
    "weightedAverageShsOut": 1164238664,
    "weightedAverageShsOutDil": 1164238664,
    "link": null,
    "finalLink": null
  },
  {
    "date": "2023-06-30",
    "symbol": "NTDOF",
    "reportedCurrency": "JPY",
    "cik": "0000000000",
    "fillingDate": "2023-06-30",
    "acceptedDate": "2023-06-29 20:00:00",
    "calendarYear": "2024",
    "period": "Q1",
    "revenue": 461341000000,
    "costOfRevenue": 180242000000,
    "grossProfit": 281099000000,
    "grossProfitRatio": 0.6093085158,
    "researchAndDevelopmentExpenses": 29385000000,
    "generalAndAdministrativeExpenses": 0,
    "sellingAndMarketingExpenses": 0,
    "sellingGeneralAndAdministrativeExpenses": 66271000000,
    "otherExpenses": 10447000000,
    "operatingExpenses": 95656000000,
    "costAndExpenses": 275898000000,
    "interestIncome": 10779000000,
    "interestExpense": 32000000,
    "depreciationAndAmortization": 7015000000,
    "ebitda": 253868000000,
    "ebitdaratio": 0.5502827626,
    "operatingIncome": 185441000000,
    "operatingIncomeRatio": 0.4019608056,
    "totalOtherIncomeExpensesNet": 68312000000,
    "incomeBeforeTax": 253753000000,
    "incomeBeforeTaxRatio": 0.5500334893,
    "incomeTaxExpense": 72765000000,
    "netIncome": 181019000000,
    "netIncomeRatio": 0.3923757047,
    "eps": 155.48,
    "epsdiluted": 155.48,
    "weightedAverageShsOut": 1164229000,
    "weightedAverageShsOutDil": 1164229000,
    "link": null,
    "finalLink": null
  },
  {
    "date": "2023-03-31",
    "symbol": "NTDOF",
    "reportedCurrency": "JPY",
    "cik": "0000000000",
    "fillingDate": "2023-03-31",
    "acceptedDate": "2023-03-30 20:00:00",
    "calendarYear": "2023",
    "period": "Q4",
    "revenue": 306499000000,
    "costOfRevenue": 118725000000,
    "grossProfit": 187774000000,
    "grossProfitRatio": 0.6126414768,
    "researchAndDevelopmentExpenses": 31637000000,
    "generalAndAdministrativeExpenses": -32680000000,
    "sellingAndMarketingExpenses": 94984000000,
    "sellingGeneralAndAdministrativeExpenses": 62304000000,
    "otherExpenses": 1497000000,
    "operatingExpenses": 93941000000,
    "costAndExpenses": 212666000000,
    "interestIncome": 10076000000,
    "interestExpense": 0,
    "depreciationAndAmortization": 2794000000,
    "ebitda": 190401000000,
    "ebitdaratio": 0.6212124673,
    "operatingIncome": 93834000000,
    "operatingIncomeRatio": 0.3061478178,
    "totalOtherIncomeExpensesNet": 24454000000,
    "incomeBeforeTax": 118288000000,
    "incomeBeforeTaxRatio": 0.3859327437,
    "incomeTaxExpense": 31744000000,
    "netIncome": 86541000000,
    "netIncomeRatio": 0.2823532866,
    "eps": 74.33,
    "epsdiluted": 74.33,
    "weightedAverageShsOut": 1164229360,
    "weightedAverageShsOutDil": 1164229360,
    "link": null,
    "finalLink": null
  },
  {
    "date": "2022-12-31",
    "symbol": "NTDOF",
    "reportedCurrency": "JPY",
    "cik": "0000000000",
    "fillingDate": "2022-12-31",
    "acceptedDate": "2022-12-30 19:00:00",
    "calendarYear": "2023",
    "period": "Q3",
    "revenue": 638204000000,
    "costOfRevenue": 332149000000,
    "grossProfit": 306055000000,
    "grossProfitRatio": 0.4795566935,
    "researchAndDevelopmentExpenses": 27057000000,
    "generalAndAdministrativeExpenses": 0,
    "sellingAndMarketingExpenses": 0,
    "sellingGeneralAndAdministrativeExpenses": 88845000000,
    "otherExpenses": -14676000000,
    "operatingExpenses": 115902000000,
    "costAndExpenses": 448051000000,
    "interestIncome": 7548000000,
    "interestExpense": 0,
    "depreciationAndAmortization": 2822000000,
    "ebitda": 189849000000,
    "ebitdaratio": 0.2974738485,
    "operatingIncome": 190154000000,
    "operatingIncomeRatio": 0.2979517521,
    "totalOtherIncomeExpensesNet": -30040000000,
    "incomeBeforeTax": 160114000000,
    "incomeBeforeTaxRatio": 0.2508821631,
    "incomeTaxExpense": 44307000000,
    "netIncome": 115776000000,
    "netIncomeRatio": 0.1814090792,
    "eps": 99.44,
    "epsdiluted": 99.44,
    "weightedAverageShsOut": 1164229430,
    "weightedAverageShsOutDil": 1164229430,
    "link": null,
    "finalLink": null
  },
  {
    "date": "2022-09-30",
    "symbol": "NTDOF",
    "reportedCurrency": "JPY",
    "cik": "0000000000",
    "fillingDate": "2022-09-30",
    "acceptedDate": "2022-09-29 20:00:00",
    "calendarYear": "2023",
    "period": "Q2",
    "revenue": 349514000000,
    "costOfRevenue": 142502000000,
    "grossProfit": 207012000000,
    "grossProfitRatio": 0.5922852876,
    "researchAndDevelopmentExpenses": 27553000000,
    "generalAndAdministrativeExpenses": 0,
    "sellingAndMarketingExpenses": 0,
    "sellingGeneralAndAdministrativeExpenses": 60719000000,
    "otherExpenses": 7452000000,
    "operatingExpenses": 88272000000,
    "costAndExpenses": 230774000000,
    "interestIncome": 5153000000,
    "interestExpense": 0,
    "depreciationAndAmortization": 2795000000,
    "ebitda": 119140000000,
    "ebitdaratio": 0.340873327,
    "operatingIncome": 118740000000,
    "operatingIncomeRatio": 0.3397288807,
    "totalOtherIncomeExpensesNet": 36875000000,
    "incomeBeforeTax": 155615000000,
    "incomeBeforeTaxRatio": 0.4452325229,
    "incomeTaxExpense": 44131000000,
    "netIncome": 111467000000,
    "netIncomeRatio": 0.318919986,
    "eps": 95.74,
    "epsdiluted": 95.74,
    "weightedAverageShsOut": 1164230600,
    "weightedAverageShsOutDil": 1164230600,
    "link": null,
    "finalLink": null
  },
  {
    "date": "2022-06-30",
    "symbol": "NTDOF",
    "reportedCurrency": "JPY",
    "cik": "0000000000",
    "fillingDate": "2022-06-30",
    "acceptedDate": "2022-06-29 20:00:00",
    "calendarYear": "2023",
    "period": "Q1",
    "revenue": 307460000000,
    "costOfRevenue": 122861000000,
    "grossProfit": 184599000000,
    "grossProfitRatio": 0.600400052,
    "researchAndDevelopmentExpenses": 23768000000,
    "generalAndAdministrativeExpenses": 0,
    "sellingAndMarketingExpenses": 0,
    "sellingGeneralAndAdministrativeExpenses": 59182000000,
    "otherExpenses": 10594000000,
    "operatingExpenses": 82950000000,
    "costAndExpenses": 205811000000,
    "interestIncome": 2722000000,
    "interestExpense": 38000000,
    "depreciationAndAmortization": 2629000000,
    "ebitda": 166761000000,
    "ebitdaratio": 0.542382749,
    "operatingIncome": 101647000000,
    "operatingIncomeRatio": 0.3306023548,
    "totalOtherIncomeExpensesNet": 65093000000,
    "incomeBeforeTax": 166740000000,
    "incomeBeforeTaxRatio": 0.5423144474,
    "incomeTaxExpense": 47775000000,
    "netIncome": 118984000000,
    "netIncomeRatio": 0.3869901776,
    "eps": 101.86,
    "epsdiluted": 101.85,
    "weightedAverageShsOut": 1168170000,
    "weightedAverageShsOutDil": 1168178000,
    "link": null,
    "finalLink": null
  },
  {
    "date": "2022-03-31",
    "symbol": "NTDOF",
    "reportedCurrency": "JPY",
    "cik": "0000000000",
    "fillingDate": "2022-03-31",
    "acceptedDate": "2022-03-30 20:00:00",
    "calendarYear": "2022",
    "period": "Q4",
    "revenue": 375125000000,
    "costOfRevenue": 163112000000,
    "grossProfit": 212013000000,
    "grossProfitRatio": 0.5651796068,
    "researchAndDevelopmentExpenses": 33230000000,
    "generalAndAdministrativeExpenses": -35265000000,
    "sellingAndMarketingExpenses": 93838000000,
    "sellingGeneralAndAdministrativeExpenses": 58573000000,
    "otherExpenses": -312000000,
    "operatingExpenses": 91803000000,
    "costAndExpenses": 254915000000,
    "interestIncome": 1264000000,
    "interestExpense": 59000000,
    "depreciationAndAmortization": 2745000000,
    "ebitda": 157079000000,
    "ebitdaratio": 0.4187377541,
    "operatingIncome": 120209000000,
    "operatingIncomeRatio": 0.3204505165,
    "totalOtherIncomeExpensesNet": 37121000000,
    "incomeBeforeTax": 157330000000,
    "incomeBeforeTaxRatio": 0.4194068644,
    "incomeTaxExpense": 47034000000,
    "netIncome": 110304000000,
    "netIncomeRatio": 0.2940459847,
    "eps": 94.42,
    "epsdiluted": 94.42,
    "weightedAverageShsOut": 1168178000,
    "weightedAverageShsOutDil": 1168178000,
    "link": null,
    "finalLink": null
  },
  {
    "date": "2021-12-31",
    "symbol": "NTDOF",
    "reportedCurrency": "JPY",
    "cik": "0000000000",
    "fillingDate": "2021-12-31",
    "acceptedDate": "2021-12-30 19:00:00",
    "calendarYear": "2022",
    "period": "Q3",
    "revenue": 695947000000,
    "costOfRevenue": 334642000000,
    "grossProfit": 361305000000,
    "grossProfitRatio": 0.5191559127,
    "researchAndDevelopmentExpenses": 24781000000,
    "generalAndAdministrativeExpenses": 0,
    "sellingAndMarketingExpenses": 0,
    "sellingGeneralAndAdministrativeExpenses": 83932000000,
    "otherExpenses": 1612000000,
    "operatingExpenses": 108713000000,
    "costAndExpenses": 443355000000,
    "interestIncome": 638000000,
    "interestExpense": 75000000,
    "depreciationAndAmortization": 2644000000,
    "ebitda": 277583000000,
    "ebitdaratio": 0.3988565221,
    "operatingIncome": 252592000000,
    "operatingIncomeRatio": 0.3629471784,
    "totalOtherIncomeExpensesNet": 24894000000,
    "incomeBeforeTax": 277486000000,
    "incomeBeforeTaxRatio": 0.3987171437,
    "incomeTaxExpense": 81907000000,
    "netIncome": 195553000000,
    "netIncomeRatio": 0.2809883511,
    "eps": 166.68,
    "epsdiluted": 166.68,
    "weightedAverageShsOut": 1173222310,
    "weightedAverageShsOutDil": 1173222310,
    "link": null,
    "finalLink": null
  },
  {
    "date": "2021-09-30",
    "symbol": "NTDOF",
    "reportedCurrency": "JPY",
    "cik": "0000000000",
    "fillingDate": "2021-09-30",
    "acceptedDate": "2021-09-29 20:00:00",
    "calendarYear": "2022",
    "period": "Q2",
    "revenue": 301625000000,
    "costOfRevenue": 121766000000,
    "grossProfit": 179859000000,
    "grossProfitRatio": 0.5963000414,
    "researchAndDevelopmentExpenses": 23845000000,
    "generalAndAdministrativeExpenses": 0,
    "sellingAndMarketingExpenses": 0,
    "sellingGeneralAndAdministrativeExpenses": 55806000000,
    "otherExpenses": 26000000,
    "operatingExpenses": 79651000000,
    "costAndExpenses": 201417000000,
    "interestIncome": 672000000,
    "interestExpense": 85000000,
    "depreciationAndAmortization": 2614000000,
    "ebitda": 107734000000,
    "ebitdaratio": 0.3571786158,
    "operatingIncome": 100207000000,
    "operatingIncomeRatio": 0.3322237878,
    "totalOtherIncomeExpensesNet": 10763000000,
    "incomeBeforeTax": 110970000000,
    "incomeBeforeTaxRatio": 0.3679071695,
    "incomeTaxExpense": 31871000000,
    "netIncome": 79087000000,
    "netIncomeRatio": 0.2622030667,
    "eps": 66.79,
    "epsdiluted": 66.79,
    "weightedAverageShsOut": 1184096659,
    "weightedAverageShsOutDil": 1184096659,
    "link": null,
    "finalLink": null
  },
  {
    "date": "2021-06-30",
    "symbol": "NTDOF",
    "reportedCurrency": "JPY",
    "cik": "0000000000",
    "fillingDate": "2021-06-30",
    "acceptedDate": "2021-06-29 20:00:00",
    "calendarYear": "2022",
    "period": "Q1",
    "revenue": 322647000000,
    "costOfRevenue": 129779000000,
    "grossProfit": 192868000000,
    "grossProfitRatio": 0.5977678392,
    "researchAndDevelopmentExpenses": 20343000000,
    "generalAndAdministrativeExpenses": 0,
    "sellingAndMarketingExpenses": 0,
    "sellingGeneralAndAdministrativeExpenses": 52773000000,
    "otherExpenses": 7375000000,
    "operatingExpenses": 73116000000,
    "costAndExpenses": 202895000000,
    "interestIncome": 743000000,
    "interestExpense": 62000000,
    "depreciationAndAmortization": 2524000000,
    "ebitda": 119759000000,
    "ebitdaratio": 0.371176549,
    "operatingIncome": 119752000000,
    "operatingIncomeRatio": 0.3711548534,
    "totalOtherIncomeExpensesNet": 8851000000,
    "incomeBeforeTax": 128603000000,
    "incomeBeforeTaxRatio": 0.3985873106,
    "incomeTaxExpense": 35862000000,
    "netIncome": 92747000000,
    "netIncomeRatio": 0.2874565702,
    "eps": 77.86,
    "epsdiluted": 77.86,
    "weightedAverageShsOut": 1191220000,
    "weightedAverageShsOutDil": 1191220000,
    "link": null,
    "finalLink": null
  },
  {
    "date": "2021-03-31",
    "symbol": "NTDOF",
    "reportedCurrency": "JPY",
    "cik": "0000000000",
    "fillingDate": "2021-03-31",
    "acceptedDate": "2021-03-30 20:00:00",
    "calendarYear": "2021",
    "period": "Q4",
    "revenue": 354447000000,
    "costOfRevenue": 152791000000,
    "grossProfit": 201656000000,
    "grossProfitRatio": 0.5689313212,
    "researchAndDevelopmentExpenses": 23096000000,
    "generalAndAdministrativeExpenses": -25415000000,
    "sellingAndMarketingExpenses": 84450000000,
    "sellingGeneralAndAdministrativeExpenses": 59035000000,
    "otherExpenses": 1229000000,
    "operatingExpenses": 82131000000,
    "costAndExpenses": 234922000000,
    "interestIncome": 783000000,
    "interestExpense": 0,
    "depreciationAndAmortization": 2552000000,
    "ebitda": 161455000000,
    "ebitdaratio": 0.4555123897,
    "operatingIncome": 119526000000,
    "operatingIncomeRatio": 0.3372182583,
    "totalOtherIncomeExpensesNet": 31171000000,
    "incomeBeforeTax": 150697000000,
    "incomeBeforeTaxRatio": 0.4251608844,
    "incomeTaxExpense": 46981000000,
    "netIncome": 103711000000,
    "netIncomeRatio": 0.2925994577,
    "eps": 87.06,
    "epsdiluted": 87.06,
    "weightedAverageShsOut": 1191227670,
    "weightedAverageShsOutDil": 1191227670,
    "link": null,
    "finalLink": null
  },
  {
    "date": "2020-12-31",
    "symbol": "NTDOF",
    "reportedCurrency": "JPY",
    "cik": "0000000000",
    "fillingDate": "2020-12-31",
    "acceptedDate": "2020-12-30 19:00:00",
    "calendarYear": "2021",
    "period": "Q3",
    "revenue": 634939000000,
    "costOfRevenue": 300191000000,
    "grossProfit": 334748000000,
    "grossProfitRatio": 0.5272128504,
    "researchAndDevelopmentExpenses": 0,
    "generalAndAdministrativeExpenses": 0,
    "sellingAndMarketingExpenses": 0,
    "sellingGeneralAndAdministrativeExpenses": 105063000000,
    "otherExpenses": 561000000,
    "operatingExpenses": 105063000000,
    "costAndExpenses": 405254000000,
    "interestIncome": 1123000000,
    "interestExpense": 0,
    "depreciationAndAmortization": 2389250000,
    "ebitda": 229776000000,
    "ebitdaratio": 0.3618867324,
    "operatingIncome": 229684000000,
    "operatingIncomeRatio": 0.3617418366,
    "totalOtherIncomeExpensesNet": 959000000,
    "incomeBeforeTax": 230643000000,
    "incomeBeforeTaxRatio": 0.3632522179,
    "incomeTaxExpense": 67094000000,
    "netIncome": 163542000000,
    "netIncomeRatio": 0.2575711998,
    "eps": 137.29,
    "epsdiluted": 137.29,
    "weightedAverageShsOut": 1191230000,
    "weightedAverageShsOutDil": 1191230000,
    "link": null,
    "finalLink": null
  },
  {
    "date": "2020-09-30",
    "symbol": "NTDOF",
    "reportedCurrency": "JPY",
    "cik": "0000000000",
    "fillingDate": "2020-09-30",
    "acceptedDate": "2020-09-29 20:00:00",
    "calendarYear": "2021",
    "period": "Q2",
    "revenue": 411418000000,
    "costOfRevenue": 188894000000,
    "grossProfit": 222524000000,
    "grossProfitRatio": 0.5408708418,
    "researchAndDevelopmentExpenses": 0,
    "generalAndAdministrativeExpenses": 0,
    "sellingAndMarketingExpenses": 0,
    "sellingGeneralAndAdministrativeExpenses": 75836000000,
    "otherExpenses": -1151000000,
    "operatingExpenses": 75836000000,
    "costAndExpenses": 264730000000,
    "interestIncome": 1512000000,
    "interestExpense": 0,
    "depreciationAndAmortization": 2447000000,
    "ebitda": 143961000000,
    "ebitdaratio": 0.3499141992,
    "operatingIncome": 146687000000,
    "operatingIncomeRatio": 0.3565400639,
    "totalOtherIncomeExpensesNet": 2951000000,
    "incomeBeforeTax": 149638000000,
    "incomeBeforeTaxRatio": 0.3637128176,
    "incomeTaxExpense": 42989000000,
    "netIncome": 106641000000,
    "netIncomeRatio": 0.2592035351,
    "eps": 89.52,
    "epsdiluted": 89.52,
    "weightedAverageShsOut": 1191230010,
    "weightedAverageShsOutDil": 1191230000,
    "link": null,
    "finalLink": null
  },
  {
    "date": "2020-06-30",
    "symbol": "NTDOF",
    "reportedCurrency": "JPY",
    "cik": "0000000000",
    "fillingDate": "2020-06-30",
    "acceptedDate": "2020-06-29 20:00:00",
    "calendarYear": "2021",
    "period": "Q1",
    "revenue": 358106000000,
    "costOfRevenue": 146561000000,
    "grossProfit": 211545000000,
    "grossProfitRatio": 0.5907329115,
    "researchAndDevelopmentExpenses": 0,
    "generalAndAdministrativeExpenses": 0,
    "sellingAndMarketingExpenses": 0,
    "sellingGeneralAndAdministrativeExpenses": 66808000000,
    "otherExpenses": 1574000000,
    "operatingExpenses": 66808000000,
    "costAndExpenses": 213369000000,
    "interestIncome": 2305000000,
    "interestExpense": 47000000,
    "depreciationAndAmortization": 2389250000,
    "ebitda": 150631000000,
    "ebitdaratio": 0.4206324384,
    "operatingIncome": 144737000000,
    "operatingIncomeRatio": 0.4041736246,
    "totalOtherIncomeExpensesNet": 5590000000,
    "incomeBeforeTax": 150327000000,
    "incomeBeforeTaxRatio": 0.4197835278,
    "incomeTaxExpense": 43820000000,
    "netIncome": 106482000000,
    "netIncomeRatio": 0.2973477127,
    "eps": 89.39,
    "epsdiluted": 89.39,
    "weightedAverageShsOut": 1191230000,
    "weightedAverageShsOutDil": 1191230000,
    "link": null,
    "finalLink": null
  },
  {
    "date": "2020-03-31",
    "symbol": "NTDOF",
    "reportedCurrency": "JPY",
    "cik": "0000000000",
    "fillingDate": "2020-03-31",
    "acceptedDate": "2020-03-30 20:00:00",
    "calendarYear": "2020",
    "period": "Q4",
    "revenue": 285851000000,
    "costOfRevenue": 110239000000,
    "grossProfit": 175612000000,
    "grossProfitRatio": 0.6143480345,
    "researchAndDevelopmentExpenses": 84159000000,
    "generalAndAdministrativeExpenses": -70918000000,
    "sellingAndMarketingExpenses": 76003000000,
    "sellingGeneralAndAdministrativeExpenses": 5085000000,
    "otherExpenses": -678000000,
    "operatingExpenses": 86172000000,
    "costAndExpenses": 196411000000,
    "interestIncome": 3247000000,
    "interestExpense": 0,
    "depreciationAndAmortization": 2389250000,
    "ebitda": 89514000000,
    "ebitdaratio": 0.3131491581,
    "operatingIncome": 89440000000,
    "operatingIncomeRatio": 0.312890282,
    "totalOtherIncomeExpensesNet": -2892000000,
    "incomeBeforeTax": 86548000000,
    "incomeBeforeTaxRatio": 0.3027731231,
    "incomeTaxExpense": 24281000000,
    "netIncome": 62252000000,
    "netIncomeRatio": 0.2177777933,
    "eps": 52.26,
    "epsdiluted": 52.26,
    "weightedAverageShsOut": 1191240003,
    "weightedAverageShsOutDil": 1191240000,
    "link": null,
    "finalLink": null
  },
  {
    "date": "2019-12-31",
    "symbol": "NTDOF",
    "reportedCurrency": "JPY",
    "cik": "0000000000",
    "fillingDate": "2019-12-31",
    "acceptedDate": "2019-12-30 19:00:00",
    "calendarYear": "2020",
    "period": "Q3",
    "revenue": 578701000000,
    "costOfRevenue": 325714000000,
    "grossProfit": 252987000000,
    "grossProfitRatio": 0.4371635784,
    "researchAndDevelopmentExpenses": 0,
    "generalAndAdministrativeExpenses": 0,
    "sellingAndMarketingExpenses": 0,
    "sellingGeneralAndAdministrativeExpenses": 84279000000,
    "otherExpenses": -1557000000,
    "operatingExpenses": 84279000000,
    "costAndExpenses": 409993000000,
    "interestIncome": 3487000000,
    "interestExpense": 0,
    "depreciationAndAmortization": 2391000000,
    "ebitda": 167881000000,
    "ebitdaratio": 0.2900997233,
    "operatingIncome": 168708000000,
    "operatingIncomeRatio": 0.291528786,
    "totalOtherIncomeExpensesNet": 20786000000,
    "incomeBeforeTax": 189494000000,
    "incomeBeforeTaxRatio": 0.3274471618,
    "incomeTaxExpense": 55083000000,
    "netIncome": 134371000000,
    "netIncomeRatio": 0.2321941728,
    "eps": 112.8,
    "epsdiluted": 112.8,
    "weightedAverageShsOut": 1191240010,
    "weightedAverageShsOutDil": 1191240000,
    "link": null,
    "finalLink": null
  },
  {
    "date": "2019-09-30",
    "symbol": "NTDOF",
    "reportedCurrency": "JPY",
    "cik": "0000000000",
    "fillingDate": "2019-09-30",
    "acceptedDate": "2019-09-29 20:00:00",
    "calendarYear": "2020",
    "period": "Q2",
    "revenue": 271856000000,
    "costOfRevenue": 142171000000,
    "grossProfit": 129685000000,
    "grossProfitRatio": 0.4770356365,
    "researchAndDevelopmentExpenses": 0,
    "generalAndAdministrativeExpenses": 0,
    "sellingAndMarketingExpenses": 0,
    "sellingGeneralAndAdministrativeExpenses": 62891000000,
    "otherExpenses": 576000000,
    "operatingExpenses": 62891000000,
    "costAndExpenses": 205062000000,
    "interestIncome": 4010000000,
    "interestExpense": 0,
    "depreciationAndAmortization": 2371500000,
    "ebitda": 66806000000,
    "ebitdaratio": 0.245740392,
    "operatingIncome": 66794000000,
    "operatingIncomeRatio": 0.245696251,
    "totalOtherIncomeExpensesNet": -3864000000,
    "incomeBeforeTax": 62930000000,
    "incomeBeforeTaxRatio": 0.2314828439,
    "incomeTaxExpense": 17528000000,
    "netIncome": 45414000000,
    "netIncomeRatio": 0.1670516744,
    "eps": 38.12,
    "epsdiluted": 38.12,
    "weightedAverageShsOut": 1191240002,
    "weightedAverageShsOutDil": 1191240000,
    "link": null,
    "finalLink": null
  },
  {
    "date": "2019-06-30",
    "symbol": "NTDOF",
    "reportedCurrency": "JPY",
    "cik": "0000000000",
    "fillingDate": "2019-06-30",
    "acceptedDate": "2019-06-29 20:00:00",
    "calendarYear": "2020",
    "period": "Q1",
    "revenue": 172111000000,
    "costOfRevenue": 88693000000,
    "grossProfit": 83418000000,
    "grossProfitRatio": 0.4846755873,
    "researchAndDevelopmentExpenses": 0,
    "generalAndAdministrativeExpenses": 0,
    "sellingAndMarketingExpenses": 0,
    "sellingGeneralAndAdministrativeExpenses": 55989000000,
    "otherExpenses": 2409000000,
    "operatingExpenses": 55989000000,
    "costAndExpenses": 144682000000,
    "interestIncome": 4459000000,
    "interestExpense": 0,
    "depreciationAndAmortization": 2391000000,
    "ebitda": 27359000000,
    "ebitdaratio": 0.158961368,
    "operatingIncome": 27428000000,
    "operatingIncomeRatio": 0.159362272,
    "totalOtherIncomeExpensesNet": -5127000000,
    "incomeBeforeTax": 22301000000,
    "incomeBeforeTaxRatio": 0.1295733567,
    "incomeTaxExpense": 5697000000,
    "netIncome": 16604000000,
    "netIncomeRatio": 0.0964726252,
    "eps": 13.94,
    "epsdiluted": 13.94,
    "weightedAverageShsOut": 1191240000,
    "weightedAverageShsOutDil": 1191240000,
    "link": null,
    "finalLink": null
  },
  {
    "date": "2019-03-31",
    "symbol": "NTDOF",
    "reportedCurrency": "JPY",
    "cik": "0000000000",
    "fillingDate": "2019-03-31",
    "acceptedDate": "2019-03-30 20:00:00",
    "calendarYear": "2019",
    "period": "Q4",
    "revenue": 203265000000,
    "costOfRevenue": 111148000000,
    "grossProfit": 92117000000,
    "grossProfitRatio": 0.4531867267,
    "researchAndDevelopmentExpenses": 69628000000,
    "generalAndAdministrativeExpenses": -61824000000,
    "sellingAndMarketingExpenses": 75421000000,
    "sellingGeneralAndAdministrativeExpenses": 13597000000,
    "otherExpenses": 602000000,
    "operatingExpenses": 62445000000,
    "costAndExpenses": 173593000000,
    "interestIncome": 4232000000,
    "interestExpense": 0,
    "depreciationAndAmortization": 2391000000,
    "ebitda": 34863000000,
    "ebitdaratio": 0.1715150173,
    "operatingIncome": 29672000000,
    "operatingIncomeRatio": 0.1459769267,
    "totalOtherIncomeExpensesNet": 2534000000,
    "incomeBeforeTax": 32206000000,
    "incomeBeforeTaxRatio": 0.1584434113,
    "incomeTaxExpense": 6820000000,
    "netIncome": 25224000000,
    "netIncomeRatio": 0.1240941628,
    "eps": 21.02,
    "epsdiluted": 21.02,
    "weightedAverageShsOut": 1199890000,
    "weightedAverageShsOutDil": 1199890000,
    "link": null,
    "finalLink": null
  },
  {
    "date": "2018-12-31",
    "symbol": "NTDOF",
    "reportedCurrency": "JPY",
    "cik": "0000000000",
    "fillingDate": "2018-12-31",
    "acceptedDate": "2018-12-30 19:00:00",
    "calendarYear": "2019",
    "period": "Q3",
    "revenue": 608390000000,
    "costOfRevenue": 371335000000,
    "grossProfit": 237055000000,
    "grossProfitRatio": 0.3896431565,
    "researchAndDevelopmentExpenses": 0,
    "generalAndAdministrativeExpenses": 0,
    "sellingAndMarketingExpenses": 0,
    "sellingGeneralAndAdministrativeExpenses": 78430000000,
    "otherExpenses": -1838000000,
    "operatingExpenses": 78430000000,
    "costAndExpenses": 449765000000,
    "interestIncome": 3074000000,
    "interestExpense": 0,
    "depreciationAndAmortization": 2266000000,
    "ebitda": 158944000000,
    "ebitdaratio": 0.2612534723,
    "operatingIncome": 158624000000,
    "operatingIncomeRatio": 0.2607274939,
    "totalOtherIncomeExpensesNet": -10605000000,
    "incomeBeforeTax": 148019000000,
    "incomeBeforeTaxRatio": 0.2432962409,
    "incomeTaxExpense": 43126000000,
    "netIncome": 104209000000,
    "netIncomeRatio": 0.1712865103,
    "eps": 86.75,
    "epsdiluted": 86.75,
    "weightedAverageShsOut": 1201250003,
    "weightedAverageShsOutDil": 1201250000,
    "link": null,
    "finalLink": null
  },
  {
    "date": "2018-09-30",
    "symbol": "NTDOF",
    "reportedCurrency": "JPY",
    "cik": "0000000000",
    "fillingDate": "2018-09-30",
    "acceptedDate": "2018-09-29 20:00:00",
    "calendarYear": "2019",
    "period": "Q2",
    "revenue": 220748000000,
    "costOfRevenue": 131638000000,
    "grossProfit": 89110000000,
    "grossProfitRatio": 0.4036729665,
    "researchAndDevelopmentExpenses": 0,
    "generalAndAdministrativeExpenses": 0,
    "sellingAndMarketingExpenses": 0,
    "sellingGeneralAndAdministrativeExpenses": 58241000000,
    "otherExpenses": 900000000,
    "operatingExpenses": 58241000000,
    "costAndExpenses": 189879000000,
    "interestIncome": 2918000000,
    "interestExpense": 0,
    "depreciationAndAmortization": 2339500000,
    "ebitda": 31014000000,
    "ebitdaratio": 0.1404950441,
    "operatingIncome": 30870000000,
    "operatingIncomeRatio": 0.1398427166,
    "totalOtherIncomeExpensesNet": 17178000000,
    "incomeBeforeTax": 48048000000,
    "incomeBeforeTaxRatio": 0.2176599561,
    "incomeTaxExpense": 14339000000,
    "netIncome": 33976000000,
    "netIncomeRatio": 0.1539130592,
    "eps": 28.28,
    "epsdiluted": 28.28,
    "weightedAverageShsOut": 1201256241,
    "weightedAverageShsOutDil": 1201256240,
    "link": null,
    "finalLink": null
  },
  {
    "date": "2018-06-30",
    "symbol": "NTDOF",
    "reportedCurrency": "JPY",
    "cik": "0000000000",
    "fillingDate": "2018-06-30",
    "acceptedDate": "2018-06-29 20:00:00",
    "calendarYear": "2019",
    "period": "Q1",
    "revenue": 168157000000,
    "costOfRevenue": 85249000000,
    "grossProfit": 82908000000,
    "grossProfitRatio": 0.4930392431,
    "researchAndDevelopmentExpenses": 0,
    "generalAndAdministrativeExpenses": 0,
    "sellingAndMarketingExpenses": 0,
    "sellingGeneralAndAdministrativeExpenses": 52372000000,
    "otherExpenses": 2922000000,
    "operatingExpenses": 52372000000,
    "costAndExpenses": 137621000000,
    "interestIncome": 2907000000,
    "interestExpense": 0,
    "depreciationAndAmortization": 2266000000,
    "ebitda": 30901000000,
    "ebitdaratio": 0.1837627931,
    "operatingIncome": 30535000000,
    "operatingIncomeRatio": 0.1815862557,
    "totalOtherIncomeExpensesNet": 12964000000,
    "incomeBeforeTax": 43499000000,
    "incomeBeforeTaxRatio": 0.2586808756,
    "incomeTaxExpense": 12919000000,
    "netIncome": 30600000000,
    "netIncomeRatio": 0.1819727992,
    "eps": 25.47,
    "epsdiluted": 25.47,
    "weightedAverageShsOut": 1201250000,
    "weightedAverageShsOutDil": 1201250000,
    "link": null,
    "finalLink": null
  },
  {
    "date": "2018-03-31",
    "symbol": "NTDOF",
    "reportedCurrency": "JPY",
    "cik": "0000000000",
    "fillingDate": "2018-03-31",
    "acceptedDate": "2018-03-30 20:00:00",
    "calendarYear": "2018",
    "period": "Q4",
    "revenue": 198670000000,
    "costOfRevenue": 121434000000,
    "grossProfit": 77236000000,
    "grossProfitRatio": 0.3887652892,
    "researchAndDevelopmentExpenses": 64032000000,
    "generalAndAdministrativeExpenses": -59612000000,
    "sellingAndMarketingExpenses": 72616000000,
    "sellingGeneralAndAdministrativeExpenses": 13004000000,
    "otherExpenses": 330000000,
    "operatingExpenses": 56141000000,
    "costAndExpenses": 177575000000,
    "interestIncome": 2786000000,
    "interestExpense": 0,
    "depreciationAndAmortization": 138000000,
    "ebitda": 21233000000,
    "ebitdaratio": 0.1068757236,
    "operatingIncome": 21095000000,
    "operatingIncomeRatio": 0.1061811043,
    "totalOtherIncomeExpensesNet": -16380000000,
    "incomeBeforeTax": 4715000000,
    "incomeBeforeTaxRatio": 0.0237328233,
    "incomeTaxExpense": 891000000,
    "netIncome": 4425000000,
    "netIncomeRatio": 0.0222731162,
    "eps": 3.68,
    "epsdiluted": 3.68,
    "weightedAverageShsOut": 1200988474,
    "weightedAverageShsOutDil": 1200988180,
    "link": null,
    "finalLink": null
  },
  {
    "date": "2017-12-31",
    "symbol": "NTDOF",
    "reportedCurrency": "JPY",
    "cik": "0000000000",
    "fillingDate": "2017-12-31",
    "acceptedDate": "2017-12-30 19:00:00",
    "calendarYear": "2018",
    "period": "Q3",
    "revenue": 482971000000,
    "costOfRevenue": 300382000000,
    "grossProfit": 182589000000,
    "grossProfitRatio": 0.3780537548,
    "researchAndDevelopmentExpenses": 0,
    "generalAndAdministrativeExpenses": 0,
    "sellingAndMarketingExpenses": 0,
    "sellingGeneralAndAdministrativeExpenses": 66087000000,
    "otherExpenses": 302000000,
    "operatingExpenses": 66087000000,
    "costAndExpenses": 366469000000,
    "interestIncome": 2193000000,
    "interestExpense": 0,
    "depreciationAndAmortization": -36000000,
    "ebitda": 116465000000,
    "ebitdaratio": 0.2411428429,
    "operatingIncome": 116501000000,
    "operatingIncomeRatio": 0.2412173816,
    "totalOtherIncomeExpensesNet": 8666000000,
    "incomeBeforeTax": 125167000000,
    "incomeBeforeTaxRatio": 0.2591604879,
    "incomeTaxExpense": 40717000000,
    "netIncome": 83662000000,
    "netIncomeRatio": 0.1732236511,
    "eps": 69.67,
    "epsdiluted": 69.67,
    "weightedAverageShsOut": 1200899444,
    "weightedAverageShsOutDil": 1200899430,
    "link": null,
    "finalLink": null
  },
  {
    "date": "2017-09-30",
    "symbol": "NTDOF",
    "reportedCurrency": "JPY",
    "cik": "0000000000",
    "fillingDate": "2017-09-30",
    "acceptedDate": "2017-09-29 20:00:00",
    "calendarYear": "2018",
    "period": "Q2",
    "revenue": 219972000000,
    "costOfRevenue": 140986000000,
    "grossProfit": 78986000000,
    "grossProfitRatio": 0.3590729729,
    "researchAndDevelopmentExpenses": 0,
    "generalAndAdministrativeExpenses": 0,
    "sellingAndMarketingExpenses": 0,
    "sellingGeneralAndAdministrativeExpenses": 55235000000,
    "otherExpenses": 645000000,
    "operatingExpenses": 55235000000,
    "costAndExpenses": 196221000000,
    "interestIncome": 2112000000,
    "interestExpense": 0,
    "depreciationAndAmortization": -988000000,
    "ebitda": 22765000000,
    "ebitdaratio": 0.1034904442,
    "operatingIncome": 23753000000,
    "operatingIncomeRatio": 0.107981925,
    "totalOtherIncomeExpensesNet": 16092000000,
    "incomeBeforeTax": 39845000000,
    "incomeBeforeTaxRatio": 0.1811366901,
    "incomeTaxExpense": 8968000000,
    "netIncome": 30243000000,
    "netIncomeRatio": 0.13748568,
    "eps": 25.19,
    "epsdiluted": 25.19,
    "weightedAverageShsOut": 1200715784,
    "weightedAverageShsOutDil": 1200715750,
    "link": null,
    "finalLink": null
  },
  {
    "date": "2017-06-30",
    "symbol": "NTDOF",
    "reportedCurrency": "JPY",
    "cik": "0000000000",
    "fillingDate": "2017-06-30",
    "acceptedDate": "2017-06-29 20:00:00",
    "calendarYear": "2018",
    "period": "Q1",
    "revenue": 154069000000,
    "costOfRevenue": 89339000000,
    "grossProfit": 64730000000,
    "grossProfitRatio": 0.4201364324,
    "researchAndDevelopmentExpenses": 0,
    "generalAndAdministrativeExpenses": 0,
    "sellingAndMarketingExpenses": 0,
    "sellingGeneralAndAdministrativeExpenses": 48520000000,
    "otherExpenses": 5986000000,
    "operatingExpenses": 48520000000,
    "costAndExpenses": 137859000000,
    "interestIncome": 1973000000,
    "interestExpense": 0,
    "depreciationAndAmortization": -54000000,
    "ebitda": 16154000000,
    "ebitdaratio": 0.104849126,
    "operatingIncome": 16208000000,
    "operatingIncomeRatio": 0.1051996184,
    "totalOtherIncomeExpensesNet": 15155000000,
    "incomeBeforeTax": 31363000000,
    "incomeBeforeTaxRatio": 0.2035646366,
    "incomeTaxExpense": 9568000000,
    "netIncome": 21260000000,
    "netIncomeRatio": 0.1379901213,
    "eps": 17.71,
    "epsdiluted": 17.71,
    "weightedAverageShsOut": 1200560000,
    "weightedAverageShsOutDil": 1200560000,
    "link": null,
    "finalLink": null
  },
  {
    "date": "2017-03-31",
    "symbol": "NTDOF",
    "reportedCurrency": "JPY",
    "cik": "0000000000",
    "fillingDate": "2017-03-31",
    "acceptedDate": "2017-03-30 20:00:00",
    "calendarYear": "2017",
    "period": "Q4",
    "revenue": 177974000000,
    "costOfRevenue": 119142000000,
    "grossProfit": 58832000000,
    "grossProfitRatio": 0.3305651387,
    "researchAndDevelopmentExpenses": 59197000000,
    "generalAndAdministrativeExpenses": -40015000000,
    "sellingAndMarketingExpenses": 48726000000,
    "sellingGeneralAndAdministrativeExpenses": 8711000000,
    "otherExpenses": -610000000,
    "operatingExpenses": 55785000000,
    "costAndExpenses": 174927000000,
    "interestIncome": 1834000000,
    "interestExpense": 0,
    "depreciationAndAmortization": 448000000,
    "ebitda": 3495000000,
    "ebitdaratio": 0.0196376999,
    "operatingIncome": 3047000000,
    "operatingIncomeRatio": 0.0171204783,
    "totalOtherIncomeExpensesNet": -990000000,
    "incomeBeforeTax": 2057000000,
    "incomeBeforeTaxRatio": 0.011557868,
    "incomeTaxExpense": 2454000000,
    "netIncome": -395000000,
    "netIncomeRatio": -0.0022194253,
    "eps": -0.33,
    "epsdiluted": -0.33,
    "weightedAverageShsOut": 1201287049,
    "weightedAverageShsOutDil": 1201284920,
    "link": null,
    "finalLink": null
  },
  {
    "date": "2016-12-31",
    "symbol": "NTDOF",
    "reportedCurrency": "JPY",
    "cik": "0000000000",
    "fillingDate": "2016-12-31",
    "acceptedDate": "2016-12-30 19:00:00",
    "calendarYear": "2017",
    "period": "Q3",
    "revenue": 174309000000,
    "costOfRevenue": 95823000000,
    "grossProfit": 78486000000,
    "grossProfitRatio": 0.4502693493,
    "researchAndDevelopmentExpenses": 0,
    "generalAndAdministrativeExpenses": 0,
    "sellingAndMarketingExpenses": 0,
    "sellingGeneralAndAdministrativeExpenses": 46223000000,
    "otherExpenses": 2190000000,
    "operatingExpenses": 46223000000,
    "costAndExpenses": 142046000000,
    "interestIncome": 1821000000,
    "interestExpense": 0,
    "depreciationAndAmortization": 313000000,
    "ebitda": 32575000000,
    "ebitdaratio": 0.1868807692,
    "operatingIncome": 32262000000,
    "operatingIncomeRatio": 0.1850851075,
    "totalOtherIncomeExpensesNet": 48368000000,
    "incomeBeforeTax": 80630000000,
    "incomeBeforeTaxRatio": 0.4625693452,
    "incomeTaxExpense": 15954000000,
    "netIncome": 64670000000,
    "netIncomeRatio": 0.371007808,
    "eps": 53.83,
    "epsdiluted": 53.83,
    "weightedAverageShsOut": 1201287240,
    "weightedAverageShsOutDil": 1201287240,
    "link": null,
    "finalLink": null
  },
  {
    "date": "2016-09-30",
    "symbol": "NTDOF",
    "reportedCurrency": "JPY",
    "cik": "0000000000",
    "fillingDate": "2016-09-30",
    "acceptedDate": "2016-09-29 20:00:00",
    "calendarYear": "2017",
    "period": "Q2",
    "revenue": 74843000000,
    "costOfRevenue": 43796000000,
    "grossProfit": 31047000000,
    "grossProfitRatio": 0.4148283741,
    "researchAndDevelopmentExpenses": 0,
    "generalAndAdministrativeExpenses": 0,
    "sellingAndMarketingExpenses": 0,
    "sellingGeneralAndAdministrativeExpenses": 31860000000,
    "otherExpenses": 575000000,
    "operatingExpenses": 31860000000,
    "costAndExpenses": 75656000000,
    "interestIncome": 1459000000,
    "interestExpense": 0,
    "depreciationAndAmortization": -62939000000,
    "ebitda": -63752000000,
    "ebitdaratio": -0.8518097885,
    "operatingIncome": -813000000,
    "operatingIncomeRatio": -0.0108627393,
    "totalOtherIncomeExpensesNet": 71544000000,
    "incomeBeforeTax": 70731000000,
    "incomeBeforeTaxRatio": 0.9450583221,
    "incomeTaxExpense": 7896000000,
    "netIncome": 62833000000,
    "netIncomeRatio": 0.839530751,
    "eps": 52.3,
    "epsdiluted": 52.3,
    "weightedAverageShsOut": 1201289767,
    "weightedAverageShsOutDil": 1201289750,
    "link": null,
    "finalLink": null
  },
  {
    "date": "2016-06-30",
    "symbol": "NTDOF",
    "reportedCurrency": "JPY",
    "cik": "0000000000",
    "fillingDate": "2016-06-30",
    "acceptedDate": "2016-06-29 20:00:00",
    "calendarYear": "2017",
    "period": "Q1",
    "revenue": 61969000000,
    "costOfRevenue": 31436000000,
    "grossProfit": 30533000000,
    "grossProfitRatio": 0.492714099,
    "researchAndDevelopmentExpenses": 0,
    "generalAndAdministrativeExpenses": 0,
    "sellingAndMarketingExpenses": 0,
    "sellingGeneralAndAdministrativeExpenses": 35667000000,
    "otherExpenses": 642000000,
    "operatingExpenses": 35667000000,
    "costAndExpenses": 67103000000,
    "interestIncome": 1123000000,
    "interestExpense": 0,
    "depreciationAndAmortization": 349000000,
    "ebitda": -4785000000,
    "ebitdaratio": -0.0772160274,
    "operatingIncome": -5134000000,
    "operatingIncomeRatio": -0.0828478756,
    "totalOtherIncomeExpensesNet": -33554000000,
    "incomeBeforeTax": -38688000000,
    "incomeBeforeTaxRatio": -0.6243121561,
    "incomeTaxExpense": -14157000000,
    "netIncome": -24534000000,
    "netIncomeRatio": -0.3959076312,
    "eps": -20.42,
    "epsdiluted": -20.42,
    "weightedAverageShsOut": 1201290000,
    "weightedAverageShsOutDil": 1201290000,
    "link": null,
    "finalLink": null
  },
  {
    "date": "2016-03-31",
    "symbol": "NTDOF",
    "reportedCurrency": "JPY",
    "cik": "0000000000",
    "fillingDate": "2016-03-31",
    "acceptedDate": "2016-03-30 20:00:00",
    "calendarYear": "2016",
    "period": "Q4",
    "revenue": 78795000000,
    "costOfRevenue": 41130000000,
    "grossProfit": 37665000000,
    "grossProfitRatio": 0.4780125642,
    "researchAndDevelopmentExpenses": 69066000000,
    "generalAndAdministrativeExpenses": -18704000000,
    "sellingAndMarketingExpenses": 46636000000,
    "sellingGeneralAndAdministrativeExpenses": 27932000000,
    "otherExpenses": -3378000000,
    "operatingExpenses": 47269000000,
    "costAndExpenses": 88399000000,
    "interestIncome": 1321000000,
    "interestExpense": 0,
    "depreciationAndAmortization": -1087000000,
    "ebitda": -10691000000,
    "ebitdaratio": -0.135681198,
    "operatingIncome": -9604000000,
    "operatingIncomeRatio": -0.1218859065,
    "totalOtherIncomeExpensesNet": -17440000000,
    "incomeBeforeTax": -27044000000,
    "incomeBeforeTaxRatio": -0.3432197474,
    "incomeTaxExpense": -2999000000,
    "netIncome": -24053000000,
    "netIncomeRatio": -0.3052604861,
    "eps": -20.02,
    "epsdiluted": -20.02,
    "weightedAverageShsOut": 1201280000,
    "weightedAverageShsOutDil": 1201280000,
    "link": null,
    "finalLink": null
  },
  {
    "date": "2015-12-31",
    "symbol": "NTDOF",
    "reportedCurrency": "JPY",
    "cik": "0000000000",
    "fillingDate": "2015-12-31",
    "acceptedDate": "2015-12-30 19:00:00",
    "calendarYear": "2016",
    "period": "Q3",
    "revenue": 221482000000,
    "costOfRevenue": 131869000000,
    "grossProfit": 89613000000,
    "grossProfitRatio": 0.4046062434,
    "researchAndDevelopmentExpenses": 0,
    "generalAndAdministrativeExpenses": 0,
    "sellingAndMarketingExpenses": 0,
    "sellingGeneralAndAdministrativeExpenses": 56105000000,
    "otherExpenses": 1434000000,
    "operatingExpenses": 56105000000,
    "costAndExpenses": 187974000000,
    "interestIncome": 1202000000,
    "interestExpense": 0,
    "depreciationAndAmortization": -2196000000,
    "ebitda": 31312000000,
    "ebitdaratio": 0.1413749199,
    "operatingIncome": 33508000000,
    "operatingIncomeRatio": 0.1512899468,
    "totalOtherIncomeExpensesNet": 4832000000,
    "incomeBeforeTax": 38340000000,
    "incomeBeforeTaxRatio": 0.1731066181,
    "incomeTaxExpense": 9230000000,
    "netIncome": 29092000000,
    "netIncomeRatio": 0.131351532,
    "eps": 24.22,
    "epsdiluted": 24.22,
    "weightedAverageShsOut": 1201300007,
    "weightedAverageShsOutDil": 1201300000,
    "link": null,
    "finalLink": null
  },
  {
    "date": "2015-09-30",
    "symbol": "NTDOF",
    "reportedCurrency": "JPY",
    "cik": "0000000000",
    "fillingDate": "2015-09-30",
    "acceptedDate": "2015-09-29 20:00:00",
    "calendarYear": "2016",
    "period": "Q2",
    "revenue": 113959000000,
    "costOfRevenue": 62958000000,
    "grossProfit": 51001000000,
    "grossProfitRatio": 0.4475381497,
    "researchAndDevelopmentExpenses": 0,
    "generalAndAdministrativeExpenses": 0,
    "sellingAndMarketingExpenses": 0,
    "sellingGeneralAndAdministrativeExpenses": 43173000000,
    "otherExpenses": 1525000000,
    "operatingExpenses": 43173000000,
    "costAndExpenses": 106131000000,
    "interestIncome": 1144000000,
    "interestExpense": 0,
    "depreciationAndAmortization": -2454000000,
    "ebitda": 5374000000,
    "ebitdaratio": 0.047157311,
    "operatingIncome": 7828000000,
    "operatingIncomeRatio": 0.0686913715,
    "totalOtherIncomeExpensesNet": -5694000000,
    "incomeBeforeTax": 2134000000,
    "incomeBeforeTaxRatio": 0.018726033,
    "incomeTaxExpense": -1037000000,
    "netIncome": 3182000000,
    "netIncomeRatio": 0.0279223229,
    "eps": 2.65,
    "epsdiluted": 2.65,
    "weightedAverageShsOut": 1201212084,
    "weightedAverageShsOutDil": 1201212060,
    "link": null,
    "finalLink": null
  },
  {
    "date": "2015-06-30",
    "symbol": "NTDOF",
    "reportedCurrency": "JPY",
    "cik": "0000000000",
    "fillingDate": "2015-06-30",
    "acceptedDate": "2015-06-29 20:00:00",
    "calendarYear": "2016",
    "period": "Q1",
    "revenue": 90223000000,
    "costOfRevenue": 47537000000,
    "grossProfit": 42686000000,
    "grossProfitRatio": 0.4731166111,
    "researchAndDevelopmentExpenses": 0,
    "generalAndAdministrativeExpenses": 0,
    "sellingAndMarketingExpenses": 0,
    "sellingGeneralAndAdministrativeExpenses": 41536000000,
    "otherExpenses": 974000000,
    "operatingExpenses": 41536000000,
    "costAndExpenses": 89073000000,
    "interestIncome": 1026000000,
    "interestExpense": 0,
    "depreciationAndAmortization": 2000000,
    "ebitda": 1151000000,
    "ebitdaratio": 0.0127572792,
    "operatingIncome": 1149000000,
    "operatingIncomeRatio": 0.0127351119,
    "totalOtherIncomeExpensesNet": 13136000000,
    "incomeBeforeTax": 14285000000,
    "incomeBeforeTaxRatio": 0.1583299159,
    "incomeTaxExpense": 6003000000,
    "netIncome": 8284000000,
    "netIncomeRatio": 0.0918169425,
    "eps": 6.9,
    "epsdiluted": 6.9,
    "weightedAverageShsOut": 1201110000,
    "weightedAverageShsOutDil": 1201110000,
    "link": null,
    "finalLink": null
  },
  {
    "date": "2015-03-31",
    "symbol": "NTDOF",
    "reportedCurrency": "JPY",
    "cik": "0000000000",
    "fillingDate": "2015-03-31",
    "acceptedDate": "2015-03-30 20:00:00",
    "calendarYear": "2015",
    "period": "Q4",
    "revenue": 106860000000,
    "costOfRevenue": 65220000000,
    "grossProfit": 41640000000,
    "grossProfitRatio": 0.3896687254,
    "researchAndDevelopmentExpenses": 63336000000,
    "generalAndAdministrativeExpenses": -34251000000,
    "sellingAndMarketingExpenses": 54834000000,
    "sellingGeneralAndAdministrativeExpenses": 20583000000,
    "otherExpenses": -4234000000,
    "operatingExpenses": 48475000000,
    "costAndExpenses": 113695000000,
    "interestIncome": 1048000000,
    "interestExpense": 0,
    "depreciationAndAmortization": -5481000000,
    "ebitda": -12315000000,
    "ebitdaratio": -0.1152442448,
    "operatingIncome": -6834000000,
    "operatingIncomeRatio": -0.0639528355,
    "totalOtherIncomeExpensesNet": -14744000000,
    "incomeBeforeTax": -21578000000,
    "incomeBeforeTaxRatio": -0.2019277559,
    "incomeTaxExpense": -3936000000,
    "netIncome": -17672000000,
    "netIncomeRatio": -0.1653752573,
    "eps": -14.93,
    "epsdiluted": -14.93,
    "weightedAverageShsOut": 1183730008,
    "weightedAverageShsOutDil": 1183730000,
    "link": null,
    "finalLink": null
  },
  {
    "date": "2014-12-31",
    "symbol": "NTDOF",
    "reportedCurrency": "JPY",
    "cik": "0000000000",
    "fillingDate": "2014-12-31",
    "acceptedDate": "2014-12-30 19:00:00",
    "calendarYear": "2015",
    "period": "Q3",
    "revenue": 271521000000,
    "costOfRevenue": 179670000000,
    "grossProfit": 91851000000,
    "grossProfitRatio": 0.3382832267,
    "researchAndDevelopmentExpenses": 0,
    "generalAndAdministrativeExpenses": 0,
    "sellingAndMarketingExpenses": 0,
    "sellingGeneralAndAdministrativeExpenses": 60031000000,
    "otherExpenses": 1843000000,
    "operatingExpenses": 60031000000,
    "costAndExpenses": 239701000000,
    "interestIncome": 994000000,
    "interestExpense": 0,
    "depreciationAndAmortization": -21000000,
    "ebitda": 31798000000,
    "ebitdaratio": 0.1171106471,
    "operatingIncome": 31819000000,
    "operatingIncomeRatio": 0.1171879891,
    "totalOtherIncomeExpensesNet": 38362000000,
    "incomeBeforeTax": 70181000000,
    "incomeBeforeTaxRatio": 0.2584735619,
    "incomeTaxExpense": 24974000000,
    "netIncome": 45215000000,
    "netIncomeRatio": 0.1665248728,
    "eps": 38.2,
    "epsdiluted": 38.2,
    "weightedAverageShsOut": 1183730002,
    "weightedAverageShsOutDil": 1183730000,
    "link": null,
    "finalLink": null
  },
  {
    "date": "2014-09-30",
    "symbol": "NTDOF",
    "reportedCurrency": "JPY",
    "cik": "0000000000",
    "fillingDate": "2014-09-30",
    "acceptedDate": "2014-09-29 20:00:00",
    "calendarYear": "2015",
    "period": "Q2",
    "revenue": 96704000000,
    "costOfRevenue": 48137000000,
    "grossProfit": 48567000000,
    "grossProfitRatio": 0.5022232793,
    "researchAndDevelopmentExpenses": 0,
    "generalAndAdministrativeExpenses": 0,
    "sellingAndMarketingExpenses": 0,
    "sellingGeneralAndAdministrativeExpenses": 39312000000,
    "otherExpenses": 4437000000,
    "operatingExpenses": 39312000000,
    "costAndExpenses": 87449000000,
    "interestIncome": 1004000000,
    "interestExpense": 0,
    "depreciationAndAmortization": 454000000,
    "ebitda": 9709000000,
    "ebitdaratio": 0.1003991562,
    "operatingIncome": 9255000000,
    "operatingIncomeRatio": 0.0957044176,
    "totalOtherIncomeExpensesNet": 25618000000,
    "incomeBeforeTax": 34873000000,
    "incomeBeforeTaxRatio": 0.3606159001,
    "incomeTaxExpense": 10657000000,
    "netIncome": 24224000000,
    "netIncomeRatio": 0.25049636,
    "eps": 20.46,
    "epsdiluted": 20.46,
    "weightedAverageShsOut": 1183737468,
    "weightedAverageShsOutDil": 1183737420,
    "link": null,
    "finalLink": null
  },
  {
    "date": "2014-06-30",
    "symbol": "NTDOF",
    "reportedCurrency": "JPY",
    "cik": "0000000000",
    "fillingDate": "2014-06-30",
    "acceptedDate": "2014-06-29 20:00:00",
    "calendarYear": "2015",
    "period": "Q1",
    "revenue": 74695000000,
    "costOfRevenue": 42169000000,
    "grossProfit": 32526000000,
    "grossProfitRatio": 0.4354508334,
    "researchAndDevelopmentExpenses": 0,
    "generalAndAdministrativeExpenses": 0,
    "sellingAndMarketingExpenses": 0,
    "sellingGeneralAndAdministrativeExpenses": 41996000000,
    "otherExpenses": 3579000000,
    "operatingExpenses": 41996000000,
    "costAndExpenses": 84165000000,
    "interestIncome": 972000000,
    "interestExpense": 0,
    "depreciationAndAmortization": 1420000000,
    "ebitda": -8050000000,
    "ebitdaratio": -0.1077716045,
    "operatingIncome": -9470000000,
    "operatingIncomeRatio": -0.1267822478,
    "totalOtherIncomeExpensesNet": -1915000000,
    "incomeBeforeTax": -11385000000,
    "incomeBeforeTaxRatio": -0.1524198407,
    "incomeTaxExpense": -1467000000,
    "netIncome": -9924000000,
    "netIncomeRatio": -0.1328602985,
    "eps": -8.38,
    "epsdiluted": -8.38,
    "weightedAverageShsOut": 1183740000,
    "weightedAverageShsOutDil": 1183740000,
    "link": null,
    "finalLink": null
  },
  {
    "date": "2014-03-31",
    "symbol": "NTDOF",
    "reportedCurrency": "JPY",
    "cik": "0000000000",
    "fillingDate": "2014-03-31",
    "acceptedDate": "2014-03-30 20:00:00",
    "calendarYear": "2014",
    "period": "Q4",
    "revenue": 72606000000,
    "costOfRevenue": 58681000000,
    "grossProfit": 13925000000,
    "grossProfitRatio": 0.1917885574,
    "researchAndDevelopmentExpenses": 71736000000,
    "generalAndAdministrativeExpenses": -52157000000,
    "sellingAndMarketingExpenses": 70264000000,
    "sellingGeneralAndAdministrativeExpenses": 18107000000,
    "otherExpenses": 3178000000,
    "operatingExpenses": 58772000000,
    "costAndExpenses": 117453000000,
    "interestIncome": 1025000000,
    "interestExpense": 0,
    "depreciationAndAmortization": -3474000000,
    "ebitda": -48321000000,
    "ebitdaratio": -0.6655235105,
    "operatingIncome": -44847000000,
    "operatingIncomeRatio": -0.6176762251,
    "totalOtherIncomeExpensesNet": -1160000000,
    "incomeBeforeTax": -46007000000,
    "incomeBeforeTaxRatio": -0.6336528662,
    "incomeTaxExpense": -12611000000,
    "netIncome": -33417000000,
    "netIncomeRatio": -0.4602512189,
    "eps": -27.31,
    "epsdiluted": -27.31,
    "weightedAverageShsOut": 1223590033,
    "weightedAverageShsOutDil": 1223590000,
    "link": null,
    "finalLink": null
  },
  {
    "date": "2013-12-31",
    "symbol": "NTDOF",
    "reportedCurrency": "JPY",
    "cik": "0000000000",
    "fillingDate": "2013-12-31",
    "acceptedDate": "2013-12-30 19:00:00",
    "calendarYear": "2014",
    "period": "Q3",
    "revenue": 302538000000,
    "costOfRevenue": 215286000000,
    "grossProfit": 87252000000,
    "grossProfitRatio": 0.2884001349,
    "researchAndDevelopmentExpenses": 0,
    "generalAndAdministrativeExpenses": 0,
    "sellingAndMarketingExpenses": 0,
    "sellingGeneralAndAdministrativeExpenses": 65552000000,
    "otherExpenses": 1692000000,
    "operatingExpenses": 65552000000,
    "costAndExpenses": 280838000000,
    "interestIncome": 1164000000,
    "interestExpense": 0,
    "depreciationAndAmortization": 34000000,
    "ebitda": 21734000000,
    "ebitdaratio": 0.0718389095,
    "operatingIncome": 21700000000,
    "operatingIncomeRatio": 0.0717265269,
    "totalOtherIncomeExpensesNet": 32585000000,
    "incomeBeforeTax": 54285000000,
    "incomeBeforeTaxRatio": 0.1794320052,
    "incomeTaxExpense": 44678000000,
    "netIncome": 9595000000,
    "netIncomeRatio": 0.0317150242,
    "eps": 7.5,
    "epsdiluted": 7.5,
    "weightedAverageShsOut": 1278730113,
    "weightedAverageShsOutDil": 1278730000,
    "link": null,
    "finalLink": null
  },
  {
    "date": "2013-09-30",
    "symbol": "NTDOF",
    "reportedCurrency": "JPY",
    "cik": "0000000000",
    "fillingDate": "2013-09-30",
    "acceptedDate": "2013-09-29 20:00:00",
    "calendarYear": "2014",
    "period": "Q2",
    "revenue": 115034000000,
    "costOfRevenue": 89395000000,
    "grossProfit": 25639000000,
    "grossProfitRatio": 0.2228819306,
    "researchAndDevelopmentExpenses": 0,
    "generalAndAdministrativeExpenses": 0,
    "sellingAndMarketingExpenses": 0,
    "sellingGeneralAndAdministrativeExpenses": 43992000000,
    "otherExpenses": 1721000000,
    "operatingExpenses": 43992000000,
    "costAndExpenses": 133387000000,
    "interestIncome": 1200000000,
    "interestExpense": 0,
    "depreciationAndAmortization": -1404000000,
    "ebitda": -19758000000,
    "ebitdaratio": -0.1717579151,
    "operatingIncome": -18354000000,
    "operatingIncomeRatio": -0.1595528279,
    "totalOtherIncomeExpensesNet": 6189000000,
    "incomeBeforeTax": -12165000000,
    "incomeBeforeTaxRatio": -0.1057513431,
    "incomeTaxExpense": -4133000000,
    "netIncome": -8024000000,
    "netIncomeRatio": -0.0697532903,
    "eps": -6.27,
    "epsdiluted": -6.27,
    "weightedAverageShsOut": 1278760150,
    "weightedAverageShsOutDil": 1278760000,
    "link": null,
    "finalLink": null
  },
  {
    "date": "2013-06-30",
    "symbol": "NTDOF",
    "reportedCurrency": "JPY",
    "cik": "0000000000",
    "fillingDate": "2013-06-30",
    "acceptedDate": "2013-06-29 20:00:00",
    "calendarYear": "2014",
    "period": "Q1",
    "revenue": 81548000000,
    "costOfRevenue": 45144000000,
    "grossProfit": 36404000000,
    "grossProfitRatio": 0.4464119292,
    "researchAndDevelopmentExpenses": 0,
    "generalAndAdministrativeExpenses": 0,
    "sellingAndMarketingExpenses": 0,
    "sellingGeneralAndAdministrativeExpenses": 41329000000,
    "otherExpenses": 504000000,
    "operatingExpenses": 41329000000,
    "costAndExpenses": 86473000000,
    "interestIncome": 1890000000,
    "interestExpense": 0,
    "depreciationAndAmortization": -415000000,
    "ebitda": -5339000000,
    "ebitdaratio": -0.0654706431,
    "operatingIncome": -4924000000,
    "operatingIncomeRatio": -0.0603816157,
    "totalOtherIncomeExpensesNet": 19740000000,
    "incomeBeforeTax": 14816000000,
    "incomeBeforeTaxRatio": 0.1816844067,
    "incomeTaxExpense": 6198000000,
    "netIncome": 8624000000,
    "netIncomeRatio": 0.1057536666,
    "eps": 6.74,
    "epsdiluted": 6.74,
    "weightedAverageShsOut": 1278760000,
    "weightedAverageShsOutDil": 1278760000,
    "link": null,
    "finalLink": null
  },
  {
    "date": "2013-03-31",
    "symbol": "NTDOF",
    "reportedCurrency": "JPY",
    "cik": "0000000000",
    "fillingDate": "2013-03-31",
    "acceptedDate": "2013-03-30 20:00:00",
    "calendarYear": "2013",
    "period": "Q4",
    "revenue": 92389000000,
    "costOfRevenue": 79287000000,
    "grossProfit": 13102000000,
    "grossProfitRatio": 0.1418134193,
    "researchAndDevelopmentExpenses": 53483000000,
    "generalAndAdministrativeExpenses": -46735000000,
    "sellingAndMarketingExpenses": 61104000000,
    "sellingGeneralAndAdministrativeExpenses": 14369000000,
    "otherExpenses": 74000000,
    "operatingExpenses": 43656000000,
    "costAndExpenses": 122943000000,
    "interestIncome": 1301000000,
    "interestExpense": 0,
    "depreciationAndAmortization": 260000000,
    "ebitda": -30293000000,
    "ebitdaratio": -0.3278853543,
    "operatingIncome": -30553000000,
    "operatingIncomeRatio": -0.3306995422,
    "totalOtherIncomeExpensesNet": 18396000000,
    "incomeBeforeTax": -12157000000,
    "incomeBeforeTaxRatio": -0.1315849289,
    "incomeTaxExpense": -4714000000,
    "netIncome": -7446000000,
    "netIncomeRatio": -0.0805940101,
    "eps": -5.82,
    "epsdiluted": -5.82,
    "weightedAverageShsOut": 1278770182,
    "weightedAverageShsOutDil": 1278770000,
    "link": null,
    "finalLink": null
  },
  {
    "date": "2012-12-31",
    "symbol": "NTDOF",
    "reportedCurrency": "JPY",
    "cik": "0000000000",
    "fillingDate": "2012-12-31",
    "acceptedDate": "2012-12-30 19:00:00",
    "calendarYear": "2013",
    "period": "Q3",
    "revenue": 342039000000,
    "costOfRevenue": 259133000000,
    "grossProfit": 82906000000,
    "grossProfitRatio": 0.242387564,
    "researchAndDevelopmentExpenses": 0,
    "generalAndAdministrativeExpenses": 0,
    "sellingAndMarketingExpenses": 0,
    "sellingGeneralAndAdministrativeExpenses": 0,
    "otherExpenses": 1981000000,
    "operatingExpenses": 59602000000,
    "costAndExpenses": 318735000000,
    "interestIncome": 1296000000,
    "interestExpense": 0,
    "depreciationAndAmortization": 827000000,
    "ebitda": 24129000000,
    "ebitdaratio": 0.070544587,
    "operatingIncome": 23302000000,
    "operatingIncomeRatio": 0.0681267341,
    "totalOtherIncomeExpensesNet": 46323000000,
    "incomeBeforeTax": 69625000000,
    "incomeBeforeTaxRatio": 0.2035586585,
    "incomeTaxExpense": 27073000000,
    "netIncome": 42541000000,
    "netIncomeRatio": 0.1243747058,
    "eps": 0,
    "epsdiluted": 0,
    "weightedAverageShsOut": 0,
    "weightedAverageShsOutDil": 0,
    "link": null,
    "finalLink": null
  },
  {
    "date": "2012-09-30",
    "symbol": "NTDOF",
    "reportedCurrency": "JPY",
    "cik": "0000000000",
    "fillingDate": "2012-09-30",
    "acceptedDate": "2012-09-29 20:00:00",
    "calendarYear": "2013",
    "period": "Q2",
    "revenue": 116181000000,
    "costOfRevenue": 96711000000,
    "grossProfit": 19470000000,
    "grossProfitRatio": 0.1675833398,
    "researchAndDevelopmentExpenses": 0,
    "generalAndAdministrativeExpenses": 0,
    "sellingAndMarketingExpenses": 0,
    "sellingGeneralAndAdministrativeExpenses": 0,
    "otherExpenses": 266000000,
    "operatingExpenses": 38298000000,
    "costAndExpenses": 135009000000,
    "interestIncome": 1638000000,
    "interestExpense": 0,
    "depreciationAndAmortization": 0,
    "ebitda": -18808000000,
    "ebitdaratio": -0.1618853341,
    "operatingIncome": -18808000000,
    "operatingIncomeRatio": -0.1618853341,
    "totalOtherIncomeExpensesNet": 1322000000,
    "incomeBeforeTax": -17486000000,
    "incomeBeforeTaxRatio": -0.1505065372,
    "incomeTaxExpense": -6740000000,
    "netIncome": -10765000000,
    "netIncomeRatio": -0.092657147,
    "eps": 0,
    "epsdiluted": 0,
    "weightedAverageShsOut": 0,
    "weightedAverageShsOutDil": 0,
    "link": null,
    "finalLink": null
  },
  {
    "date": "2012-06-30",
    "symbol": "NTDOF",
    "reportedCurrency": "JPY",
    "cik": "0000000000",
    "fillingDate": "2012-06-30",
    "acceptedDate": "2012-06-29 20:00:00",
    "calendarYear": "2013",
    "period": "Q1",
    "revenue": 84813000000,
    "costOfRevenue": 59937000000,
    "grossProfit": 24876000000,
    "grossProfitRatio": 0.2933040925,
    "researchAndDevelopmentExpenses": 0,
    "generalAndAdministrativeExpenses": 0,
    "sellingAndMarketingExpenses": 0,
    "sellingGeneralAndAdministrativeExpenses": 0,
    "otherExpenses": 367000000,
    "operatingExpenses": 35208000000,
    "costAndExpenses": 95145000000,
    "interestIncome": 1288000000,
    "interestExpense": 0,
    "depreciationAndAmortization": 2000000,
    "ebitda": -10329000000,
    "ebitdaratio": -0.1217855753,
    "operatingIncome": -10331000000,
    "operatingIncomeRatio": -0.1218091566,
    "totalOtherIncomeExpensesNet": -19454000000,
    "incomeBeforeTax": -29785000000,
    "incomeBeforeTaxRatio": -0.3511843703,
    "incomeTaxExpense": -12590000000,
    "netIncome": -17231000000,
    "netIncomeRatio": -0.2031646092,
    "eps": -13.47,
    "epsdiluted": -13.47,
    "weightedAverageShsOut": 1278770000,
    "weightedAverageShsOutDil": 1278770000,
    "link": null,
    "finalLink": null
  },
  {
    "date": "2012-03-31",
    "symbol": "NTDOF",
    "reportedCurrency": "JPY",
    "cik": "0000000000",
    "fillingDate": "2012-03-31",
    "acceptedDate": "2012-03-30 20:00:00",
    "calendarYear": "2012",
    "period": "Q4",
    "revenue": 91486000000,
    "costOfRevenue": 68933000000,
    "grossProfit": 22553000000,
    "grossProfitRatio": 0.246518593,
    "researchAndDevelopmentExpenses": 0,
    "generalAndAdministrativeExpenses": 0,
    "sellingAndMarketingExpenses": 0,
    "sellingGeneralAndAdministrativeExpenses": 0,
    "otherExpenses": -1626000000,
    "operatingExpenses": 43466000000,
    "costAndExpenses": 112399000000,
    "interestIncome": 1746000000,
    "interestExpense": 0,
    "depreciationAndAmortization": 0,
    "ebitda": -20922000000,
    "ebitdaratio": -0.2286907286,
    "operatingIncome": -20922000000,
    "operatingIncomeRatio": -0.2286907286,
    "totalOtherIncomeExpensesNet": 26096000000,
    "incomeBeforeTax": 5174000000,
    "incomeBeforeTaxRatio": 0.0565551013,
    "incomeTaxExpense": 15000000,
    "netIncome": 5147000000,
    "netIncomeRatio": 0.0562599742,
    "eps": 0,
    "epsdiluted": 0,
    "weightedAverageShsOut": 0,
    "weightedAverageShsOutDil": 0,
    "link": null,
    "finalLink": null
  },
  {
    "date": "2011-12-31",
    "symbol": "NTDOF",
    "reportedCurrency": "JPY",
    "cik": "0000000000",
    "fillingDate": "2011-12-31",
    "acceptedDate": "2011-12-30 19:00:00",
    "calendarYear": "2012",
    "period": "Q3",
    "revenue": 340428000000,
    "costOfRevenue": 241343000000,
    "grossProfit": 99085000000,
    "grossProfitRatio": 0.2910600773,
    "researchAndDevelopmentExpenses": 0,
    "generalAndAdministrativeExpenses": 0,
    "sellingAndMarketingExpenses": 0,
    "sellingGeneralAndAdministrativeExpenses": 0,
    "otherExpenses": 93000000,
    "operatingExpenses": 58146000000,
    "costAndExpenses": 299489000000,
    "interestIncome": 2105000000,
    "interestExpense": 0,
    "depreciationAndAmortization": 0,
    "ebitda": 40950000000,
    "ebitdaratio": 0.1202897529,
    "operatingIncome": 40950000000,
    "operatingIncomeRatio": 0.1202897529,
    "totalOtherIncomeExpensesNet": 883000000,
    "incomeBeforeTax": 41833000000,
    "incomeBeforeTaxRatio": 0.1228835466,
    "incomeTaxExpense": 19919000000,
    "netIncome": 21922000000,
    "netIncomeRatio": 0.0643954081,
    "eps": 0,
    "epsdiluted": 0,
    "weightedAverageShsOut": 0,
    "weightedAverageShsOutDil": 0,
    "link": null,
    "finalLink": null
  },
  {
    "date": "2011-09-30",
    "symbol": "NTDOF",
    "reportedCurrency": "JPY",
    "cik": "0000000000",
    "fillingDate": "2011-09-30",
    "acceptedDate": "2011-09-29 20:00:00",
    "calendarYear": "2012",
    "period": "Q2",
    "revenue": 121810000000,
    "costOfRevenue": 100824000000,
    "grossProfit": 20986000000,
    "grossProfitRatio": 0.1722847057,
    "researchAndDevelopmentExpenses": 0,
    "generalAndAdministrativeExpenses": 0,
    "sellingAndMarketingExpenses": 0,
    "sellingGeneralAndAdministrativeExpenses": 0,
    "otherExpenses": -2039000000,
    "operatingExpenses": 40620000000,
    "costAndExpenses": 141444000000,
    "interestIncome": 1904000000,
    "interestExpense": 0,
    "depreciationAndAmortization": 0,
    "ebitda": -21458000000,
    "ebitdaratio": -0.1761595928,
    "operatingIncome": -21458000000,
    "operatingIncomeRatio": -0.1761595928,
    "totalOtherIncomeExpensesNet": -43855000000,
    "incomeBeforeTax": -65313000000,
    "incomeBeforeTaxRatio": -0.5361875051,
    "incomeTaxExpense": -20538000000,
    "netIncome": -44757000000,
    "netIncomeRatio": -0.3674328873,
    "eps": 0,
    "epsdiluted": 0,
    "weightedAverageShsOut": 0,
    "weightedAverageShsOutDil": 0,
    "link": null,
    "finalLink": null
  },
  {
    "date": "2011-06-30",
    "symbol": "NTDOF",
    "reportedCurrency": "JPY",
    "cik": "0000000000",
    "fillingDate": "2011-06-30",
    "acceptedDate": "2011-06-29 20:00:00",
    "calendarYear": "2012",
    "period": "Q1",
    "revenue": 93928000000,
    "costOfRevenue": 82897000000,
    "grossProfit": 11031000000,
    "grossProfitRatio": 0.1174410187,
    "researchAndDevelopmentExpenses": 0,
    "generalAndAdministrativeExpenses": 0,
    "sellingAndMarketingExpenses": 0,
    "sellingGeneralAndAdministrativeExpenses": 0,
    "otherExpenses": -1741000000,
    "operatingExpenses": 48743000000,
    "costAndExpenses": 131640000000,
    "interestIncome": 1966000000,
    "interestExpense": 0,
    "depreciationAndAmortization": 0,
    "ebitda": -37693000000,
    "ebitdaratio": -0.4012967379,
    "operatingIncome": -37693000000,
    "operatingIncomeRatio": -0.4012967379,
    "totalOtherIncomeExpensesNet": -4878000000,
    "incomeBeforeTax": -42571000000,
    "incomeBeforeTaxRatio": -0.4532301337,
    "incomeTaxExpense": -17055000000,
    "netIncome": -25516000000,
    "netIncomeRatio": -0.2716548846,
    "eps": -19.95,
    "epsdiluted": -19.95,
    "weightedAverageShsOut": 1278780000,
    "weightedAverageShsOutDil": 1278780000,
    "link": null,
    "finalLink": null
  },
  {
    "date": "2011-03-31",
    "symbol": "NTDOF",
    "reportedCurrency": "JPY",
    "cik": "0000000000",
    "fillingDate": "2011-03-31",
    "acceptedDate": "2011-03-30 20:00:00",
    "calendarYear": "2011",
    "period": "Q4",
    "revenue": 206355000000,
    "costOfRevenue": 138805000000,
    "grossProfit": 67550000000,
    "grossProfitRatio": 0.3273485014,
    "researchAndDevelopmentExpenses": 0,
    "generalAndAdministrativeExpenses": 0,
    "sellingAndMarketingExpenses": 0,
    "sellingGeneralAndAdministrativeExpenses": 0,
    "otherExpenses": -1469000000,
    "operatingExpenses": 105420000000,
    "costAndExpenses": 244225000000,
    "interestIncome": 1827000000,
    "interestExpense": 0,
    "depreciationAndAmortization": 1955000000,
    "ebitda": -85817000000,
    "ebitdaratio": -0.4158707082,
    "operatingIncome": -87772000000,
    "operatingIncomeRatio": -0.425344673,
    "totalOtherIncomeExpensesNet": 135137000000,
    "incomeBeforeTax": 47365000000,
    "incomeBeforeTaxRatio": 0.2295316324,
    "incomeTaxExpense": 19242000000,
    "netIncome": 28064000000,
    "netIncomeRatio": 0.1359986431,
    "eps": 0,
    "epsdiluted": 0,
    "weightedAverageShsOut": 0,
    "weightedAverageShsOutDil": 0,
    "link": null,
    "finalLink": null
  },
  {
    "date": "2010-12-31",
    "symbol": "NTDOF",
    "reportedCurrency": "JPY",
    "cik": "0000000000",
    "fillingDate": "2010-12-31",
    "acceptedDate": "2010-12-30 19:00:00",
    "calendarYear": "2011",
    "period": "Q3",
    "revenue": 444830000000,
    "costOfRevenue": 273206000000,
    "grossProfit": 171624000000,
    "grossProfitRatio": 0.3858193018,
    "researchAndDevelopmentExpenses": 12936000000,
    "generalAndAdministrativeExpenses": 0,
    "sellingAndMarketingExpenses": 35046000000,
    "sellingGeneralAndAdministrativeExpenses": 35046000000,
    "otherExpenses": 553000000,
    "operatingExpenses": 47983000000,
    "costAndExpenses": 321189000000,
    "interestIncome": 1753000000,
    "interestExpense": 0,
    "depreciationAndAmortization": 1716000000,
    "ebitda": 144523000000,
    "ebitdaratio": 0.3248949037,
    "operatingIncome": 142807000000,
    "operatingIncomeRatio": 0.3210372502,
    "totalOtherIncomeExpensesNet": -58256000000,
    "incomeBeforeTax": 84551000000,
    "incomeBeforeTaxRatio": 0.1900748601,
    "incomeTaxExpense": 32980000000,
    "netIncome": 51569000000,
    "netIncomeRatio": 0.115929681,
    "eps": 40.33,
    "epsdiluted": 40.33,
    "weightedAverageShsOut": 1278790690,
    "weightedAverageShsOutDil": 1278790690,
    "link": null,
    "finalLink": null
  },
  {
    "date": "2010-09-30",
    "symbol": "NTDOF",
    "reportedCurrency": "JPY",
    "cik": "0000000000",
    "fillingDate": "2010-09-30",
    "acceptedDate": "2010-09-29 20:00:00",
    "calendarYear": "2011",
    "period": "Q2",
    "revenue": 174513000000,
    "costOfRevenue": 96070000000,
    "grossProfit": 78443000000,
    "grossProfitRatio": 0.4494965991,
    "researchAndDevelopmentExpenses": 12654000000,
    "generalAndAdministrativeExpenses": 0,
    "sellingAndMarketingExpenses": 18658000000,
    "sellingGeneralAndAdministrativeExpenses": 18658000000,
    "otherExpenses": 183000000,
    "operatingExpenses": 31314000000,
    "costAndExpenses": 127384000000,
    "interestIncome": 1779000000,
    "interestExpense": 0,
    "depreciationAndAmortization": 1527000000,
    "ebitda": 64831000000,
    "ebitdaratio": 0.3714966793,
    "operatingIncome": 63304000000,
    "operatingIncomeRatio": 0.3627466149,
    "totalOtherIncomeExpensesNet": -21348000000,
    "incomeBeforeTax": 41956000000,
    "incomeBeforeTaxRatio": 0.2404176193,
    "incomeTaxExpense": 18727000000,
    "netIncome": 23205000000,
    "netIncomeRatio": 0.1329700366,
    "eps": 18.15,
    "epsdiluted": 18.15,
    "weightedAverageShsOut": 1278822220,
    "weightedAverageShsOutDil": 1278822220,
    "link": null,
    "finalLink": null
  },
  {
    "date": "2010-06-30",
    "symbol": "NTDOF",
    "reportedCurrency": "JPY",
    "cik": "0000000000",
    "fillingDate": "2010-06-30",
    "acceptedDate": "2010-06-29 20:00:00",
    "calendarYear": "2011",
    "period": "Q1",
    "revenue": 188646000000,
    "costOfRevenue": 118298000000,
    "grossProfit": 70348000000,
    "grossProfitRatio": 0.3729101068,
    "researchAndDevelopmentExpenses": 12820000000,
    "generalAndAdministrativeExpenses": 47005000000,
    "sellingAndMarketingExpenses": 19351000000,
    "sellingGeneralAndAdministrativeExpenses": 47005000000,
    "otherExpenses": -313000000,
    "operatingExpenses": 47005000000,
    "costAndExpenses": 165303000000,
    "interestIncome": 1510000000,
    "interestExpense": 0,
    "depreciationAndAmortization": 1596000000,
    "ebitda": 95730000000,
    "ebitdaratio": 0.5074584142,
    "operatingIncome": 94134000000,
    "operatingIncomeRatio": 0.4989981235,
    "totalOtherIncomeExpensesNet": -140072000000,
    "incomeBeforeTax": -45938000000,
    "incomeBeforeTaxRatio": -0.2435143072,
    "incomeTaxExpense": -20687000000,
    "netIncome": -25218000000,
    "netIncomeRatio": -0.1336789542,
    "eps": -19.72,
    "epsdiluted": -19.72,
    "weightedAverageShsOut": 1278817810,
    "weightedAverageShsOutDil": 1278817810,
    "link": null,
    "finalLink": null
  },
  {
    "date": "2010-03-31",
    "symbol": "NTDOF",
    "reportedCurrency": "JPY",
    "cik": "0000000000",
    "fillingDate": "2010-03-31",
    "acceptedDate": "2010-03-30 20:00:00",
    "calendarYear": "2010",
    "period": "Q4",
    "revenue": 252188000000,
    "costOfRevenue": 143556000000,
    "grossProfit": 108632000000,
    "grossProfitRatio": 0.4307580059,
    "researchAndDevelopmentExpenses": 0,
    "generalAndAdministrativeExpenses": 0,
    "sellingAndMarketingExpenses": -80798000000,
    "sellingGeneralAndAdministrativeExpenses": -80798000000,
    "otherExpenses": -476000000,
    "operatingExpenses": 104867000000,
    "costAndExpenses": 248423000000,
    "interestIncome": 1382000000,
    "interestExpense": 0,
    "depreciationAndAmortization": 1679000000,
    "ebitda": -50992000000,
    "ebitdaratio": -0.20219836,
    "operatingIncome": -52671000000,
    "operatingIncomeRatio": -0.2088560915,
    "totalOtherIncomeExpensesNet": 103576000000,
    "incomeBeforeTax": 50905000000,
    "incomeBeforeTaxRatio": 0.2018533792,
    "incomeTaxExpense": 14833000000,
    "netIncome": 36034000000,
    "netIncomeRatio": 0.1428854664,
    "eps": 0,
    "epsdiluted": 0,
    "weightedAverageShsOut": 0,
    "weightedAverageShsOutDil": 0,
    "link": null,
    "finalLink": null
  },
  {
    "date": "2009-12-31",
    "symbol": "NTDOF",
    "reportedCurrency": "JPY",
    "cik": "0000000000",
    "fillingDate": "2009-12-31",
    "acceptedDate": "2009-12-30 19:00:00",
    "calendarYear": "2010",
    "period": "Q3",
    "revenue": 634118000000,
    "costOfRevenue": 373815000000,
    "grossProfit": 260303000000,
    "grossProfitRatio": 0.4104961537,
    "researchAndDevelopmentExpenses": 10895000000,
    "generalAndAdministrativeExpenses": 0,
    "sellingAndMarketingExpenses": 37060000000,
    "sellingGeneralAndAdministrativeExpenses": 37060000000,
    "otherExpenses": 71000000,
    "operatingExpenses": 47956000000,
    "costAndExpenses": 421771000000,
    "interestIncome": 1551000000,
    "interestExpense": 0,
    "depreciationAndAmortization": 1725000000,
    "ebitda": 234785000000,
    "ebitdaratio": 0.3702544321,
    "operatingIncome": 233060000000,
    "operatingIncomeRatio": 0.3675341183,
    "totalOtherIncomeExpensesNet": -29142000000,
    "incomeBeforeTax": 203918000000,
    "incomeBeforeTaxRatio": 0.321577372,
    "incomeTaxExpense": 80955000000,
    "netIncome": 123109000000,
    "netIncomeRatio": 0.1941420997,
    "eps": 96.27,
    "epsdiluted": 96.27,
    "weightedAverageShsOut": 1278822220,
    "weightedAverageShsOutDil": 1278822220,
    "link": null,
    "finalLink": null
  },
  {
    "date": "2009-09-30",
    "symbol": "NTDOF",
    "reportedCurrency": "JPY",
    "cik": "0000000000",
    "fillingDate": "2009-09-30",
    "acceptedDate": "2009-09-29 20:00:00",
    "calendarYear": "2010",
    "period": "Q2",
    "revenue": 294560000000,
    "costOfRevenue": 179819000000,
    "grossProfit": 114741000000,
    "grossProfitRatio": 0.3895335416,
    "researchAndDevelopmentExpenses": 11699000000,
    "generalAndAdministrativeExpenses": 0,
    "sellingAndMarketingExpenses": 21345000000,
    "sellingGeneralAndAdministrativeExpenses": 21345000000,
    "otherExpenses": 1267000000,
    "operatingExpenses": 33046000000,
    "costAndExpenses": 212865000000,
    "interestIncome": 1923000000,
    "interestExpense": 0,
    "depreciationAndAmortization": 1818000000,
    "ebitda": 102767000000,
    "ebitdaratio": 0.3488830798,
    "operatingIncome": 100949000000,
    "operatingIncomeRatio": 0.3427111624,
    "totalOtherIncomeExpensesNet": -56074000000,
    "incomeBeforeTax": 44875000000,
    "incomeBeforeTaxRatio": 0.1523458718,
    "incomeTaxExpense": 17739000000,
    "netIncome": 27176000000,
    "netIncomeRatio": 0.0922596415,
    "eps": 21.25,
    "epsdiluted": 21.25,
    "weightedAverageShsOut": 1278847210,
    "weightedAverageShsOutDil": 1278847210,
    "link": null,
    "finalLink": null
  }
]