[
  {
    "date": "2024-09-30",
    "symbol": "TXN",
    "reportedCurrency": "USD",
    "cik": "0000097476",
    "fillingDate": "2024-10-23",
    "acceptedDate": "2024-10-23 09:31:24",
    "calendarYear": "2024",
    "period": "Q3",
    "revenue": 4151000000,
    "costOfRevenue": 1677000000,
    "grossProfit": 2474000000,
    "grossProfitRatio": 0.5960009636,
    "researchAndDevelopmentExpenses": 492000000,
    "generalAndAdministrativeExpenses": 0,
    "sellingAndMarketingExpenses": 0,
    "sellingGeneralAndAdministrativeExpenses": 428000000,
    "otherExpenses": 0,
    "operatingExpenses": 920000000,
    "costAndExpenses": 2597000000,
    "interestIncome": 0,
    "interestExpense": 131000000,
    "depreciationAndAmortization": 402000000,
    "ebitda": 2087000000,
    "ebitdaratio": 0.5027704168,
    "operatingIncome": 1554000000,
    "operatingIncomeRatio": 0.3743676223,
    "totalOtherIncomeExpensesNet": 0,
    "incomeBeforeTax": 1554000000,
    "incomeBeforeTaxRatio": 0.3743676223,
    "incomeTaxExpense": 192000000,
    "netIncome": 1362000000,
    "netIncomeRatio": 0.3281137075,
    "eps": 1.48,
    "epsdiluted": 1.47,
    "weightedAverageShsOut": 913000000,
    "weightedAverageShsOutDil": 920000000,
    "link": "https://www.sec.gov/Archives/edgar/data/97476/000009747624000042/0000097476-24-000042-index.htm",
    "finalLink": "https://www.sec.gov/Archives/edgar/data/97476/000009747624000042/txn-20240930.htm"
  },
  {
    "date": "2024-06-30",
    "symbol": "TXN",
    "reportedCurrency": "USD",
    "cik": "0000097476",
    "fillingDate": "2024-07-24",
    "acceptedDate": "2024-07-24 09:29:32",
    "calendarYear": "2024",
    "period": "Q2",
    "revenue": 3822000000,
    "costOfRevenue": 1611000000,
    "grossProfit": 2211000000,
    "grossProfitRatio": 0.5784929356,
    "researchAndDevelopmentExpenses": 498000000,
    "generalAndAdministrativeExpenses": 0,
    "sellingAndMarketingExpenses": 0,
    "sellingGeneralAndAdministrativeExpenses": 465000000,
    "otherExpenses": 130000000,
    "operatingExpenses": 963000000,
    "costAndExpenses": 2574000000,
    "interestIncome": 0,
    "interestExpense": 131000000,
    "depreciationAndAmortization": 381000000,
    "ebitda": 1759000000,
    "ebitdaratio": 0.4262166405,
    "operatingIncome": 1248000000,
    "operatingIncomeRatio": 0.3265306122,
    "totalOtherIncomeExpensesNet": -1000000,
    "incomeBeforeTax": 1247000000,
    "incomeBeforeTaxRatio": 0.3262689691,
    "incomeTaxExpense": 120000000,
    "netIncome": 1127000000,
    "netIncomeRatio": 0.2948717949,
    "eps": 1.23,
    "epsdiluted": 1.22,
    "weightedAverageShsOut": 912000000,
    "weightedAverageShsOutDil": 919000000,
    "link": "https://www.sec.gov/Archives/edgar/data/97476/000009747624000030/0000097476-24-000030-index.htm",
    "finalLink": "https://www.sec.gov/Archives/edgar/data/97476/000009747624000030/txn-20240630.htm"
  },
  {
    "date": "2024-03-31",
    "symbol": "TXN",
    "reportedCurrency": "USD",
    "cik": "0000097476",
    "fillingDate": "2024-04-24",
    "acceptedDate": "2024-04-24 09:32:18",
    "calendarYear": "2024",
    "period": "Q1",
    "revenue": 3661000000,
    "costOfRevenue": 1566000000,
    "grossProfit": 2095000000,
    "grossProfitRatio": 0.5722480197,
    "researchAndDevelopmentExpenses": 478000000,
    "generalAndAdministrativeExpenses": 0,
    "sellingAndMarketingExpenses": 0,
    "sellingGeneralAndAdministrativeExpenses": 455000000,
    "otherExpenses": 123000000,
    "operatingExpenses": 933000000,
    "costAndExpenses": 2499000000,
    "interestIncome": 0,
    "interestExpense": 116000000,
    "depreciationAndAmortization": 362000000,
    "ebitda": 1771000000,
    "ebitdaratio": 0.416279705,
    "operatingIncome": 1162000000,
    "operatingIncomeRatio": 0.3173996176,
    "totalOtherIncomeExpensesNet": 7000000,
    "incomeBeforeTax": 1293000000,
    "incomeBeforeTaxRatio": 0.3531821907,
    "incomeTaxExpense": 188000000,
    "netIncome": 1105000000,
    "netIncomeRatio": 0.3018301011,
    "eps": 1.21,
    "epsdiluted": 1.2,
    "weightedAverageShsOut": 910000000,
    "weightedAverageShsOutDil": 917000000,
    "link": "https://www.sec.gov/Archives/edgar/data/97476/000009747624000021/0000097476-24-000021-index.htm",
    "finalLink": "https://www.sec.gov/Archives/edgar/data/97476/000009747624000021/txn-20240331.htm"
  },
  {
    "date": "2023-12-31",
    "symbol": "TXN",
    "reportedCurrency": "USD",
    "cik": "0000097476",
    "fillingDate": "2024-02-02",
    "acceptedDate": "2024-02-02 11:11:54",
    "calendarYear": "2023",
    "period": "Q4",
    "revenue": 4077000000,
    "costOfRevenue": 1646000000,
    "grossProfit": 2431000000,
    "grossProfitRatio": 0.5962717685,
    "researchAndDevelopmentExpenses": 460000000,
    "generalAndAdministrativeExpenses": 0,
    "sellingAndMarketingExpenses": 0,
    "sellingGeneralAndAdministrativeExpenses": 438000000,
    "otherExpenses": 113000000,
    "operatingExpenses": 898000000,
    "costAndExpenses": 2544000000,
    "interestIncome": 0,
    "interestExpense": 98000000,
    "depreciationAndAmortization": 337000000,
    "ebitda": 1983000000,
    "ebitdaratio": 0.4863870493,
    "operatingIncome": 1533000000,
    "operatingIncomeRatio": 0.3760117734,
    "totalOtherIncomeExpensesNet": 15000000,
    "incomeBeforeTax": 1548000000,
    "incomeBeforeTaxRatio": 0.3796909492,
    "incomeTaxExpense": 177000000,
    "netIncome": 1371000000,
    "netIncomeRatio": 0.336276674,
    "eps": 1.5,
    "epsdiluted": 1.49,
    "weightedAverageShsOut": 908000000,
    "weightedAverageShsOutDil": 915000000,
    "link": "https://www.sec.gov/Archives/edgar/data/97476/000009747624000007/0000097476-24-000007-index.htm",
    "finalLink": "https://www.sec.gov/Archives/edgar/data/97476/000009747624000007/txn-20231231.htm"
  },
  {
    "date": "2023-09-30",
    "symbol": "TXN",
    "reportedCurrency": "USD",
    "cik": "0000097476",
    "fillingDate": "2023-10-25",
    "acceptedDate": "2023-10-25 09:30:37",
    "calendarYear": "2023",
    "period": "Q3",
    "revenue": 4532000000,
    "costOfRevenue": 1717000000,
    "grossProfit": 2815000000,
    "grossProfitRatio": 0.6211385702,
    "researchAndDevelopmentExpenses": 471000000,
    "generalAndAdministrativeExpenses": 0,
    "sellingAndMarketingExpenses": 0,
    "sellingGeneralAndAdministrativeExpenses": 452000000,
    "otherExpenses": 128000000,
    "operatingExpenses": 923000000,
    "costAndExpenses": 2640000000,
    "interestIncome": 0,
    "interestExpense": 98000000,
    "depreciationAndAmortization": 320000000,
    "ebitda": 2340000000,
    "ebitdaratio": 0.5163283319,
    "operatingIncome": 1892000000,
    "operatingIncomeRatio": 0.4174757282,
    "totalOtherIncomeExpensesNet": 30000000,
    "incomeBeforeTax": 1922000000,
    "incomeBeforeTaxRatio": 0.4240953222,
    "incomeTaxExpense": 213000000,
    "netIncome": 1709000000,
    "netIncomeRatio": 0.3770962048,
    "eps": 1.87,
    "epsdiluted": 1.85,
    "weightedAverageShsOut": 908000000,
    "weightedAverageShsOutDil": 916000000,
    "link": "https://www.sec.gov/Archives/edgar/data/97476/000009747623000041/0000097476-23-000041-index.htm",
    "finalLink": "https://www.sec.gov/Archives/edgar/data/97476/000009747623000041/txn-20230930.htm"
  },
  {
    "date": "2023-06-30",
    "symbol": "TXN",
    "reportedCurrency": "USD",
    "cik": "0000097476",
    "fillingDate": "2023-07-26",
    "acceptedDate": "2023-07-26 09:32:09",
    "calendarYear": "2023",
    "period": "Q2",
    "revenue": 4531000000,
    "costOfRevenue": 1621000000,
    "grossProfit": 2910000000,
    "grossProfitRatio": 0.6422423306,
    "researchAndDevelopmentExpenses": 477000000,
    "generalAndAdministrativeExpenses": 0,
    "sellingAndMarketingExpenses": 0,
    "sellingGeneralAndAdministrativeExpenses": 461000000,
    "otherExpenses": 119000000,
    "operatingExpenses": 938000000,
    "costAndExpenses": 2559000000,
    "interestIncome": 0,
    "interestExpense": 89000000,
    "depreciationAndAmortization": 300000000,
    "ebitda": 2391000000,
    "ebitdaratio": 0.5276980799,
    "operatingIncome": 1972000000,
    "operatingIncomeRatio": 0.4352240124,
    "totalOtherIncomeExpensesNet": 30000000,
    "incomeBeforeTax": 2002000000,
    "incomeBeforeTaxRatio": 0.4418450673,
    "incomeTaxExpense": 280000000,
    "netIncome": 1722000000,
    "netIncomeRatio": 0.3800485544,
    "eps": 1.89,
    "epsdiluted": 1.87,
    "weightedAverageShsOut": 908000000,
    "weightedAverageShsOutDil": 916000000,
    "link": "https://www.sec.gov/Archives/edgar/data/97476/000009747623000035/0000097476-23-000035-index.htm",
    "finalLink": "https://www.sec.gov/Archives/edgar/data/97476/000009747623000035/txn-20230630.htm"
  },
  {
    "date": "2023-03-31",
    "symbol": "TXN",
    "reportedCurrency": "USD",
    "cik": "0000097476",
    "fillingDate": "2023-04-26",
    "acceptedDate": "2023-04-26 09:28:50",
    "calendarYear": "2023",
    "period": "Q1",
    "revenue": 4379000000,
    "costOfRevenue": 1516000000,
    "grossProfit": 2863000000,
    "grossProfitRatio": 0.653802238,
    "researchAndDevelopmentExpenses": 455000000,
    "generalAndAdministrativeExpenses": 0,
    "sellingAndMarketingExpenses": 0,
    "sellingGeneralAndAdministrativeExpenses": 474000000,
    "otherExpenses": 80000000,
    "operatingExpenses": 929000000,
    "costAndExpenses": 2445000000,
    "interestIncome": 0,
    "interestExpense": 68000000,
    "depreciationAndAmortization": 281000000,
    "ebitda": 2295000000,
    "ebitdaratio": 0.5240922585,
    "operatingIncome": 1934000000,
    "operatingIncomeRatio": 0.4416533455,
    "totalOtherIncomeExpensesNet": 12000000,
    "incomeBeforeTax": 1946000000,
    "incomeBeforeTaxRatio": 0.4443936972,
    "incomeTaxExpense": 238000000,
    "netIncome": 1708000000,
    "netIncomeRatio": 0.3900433889,
    "eps": 1.87,
    "epsdiluted": 1.85,
    "weightedAverageShsOut": 907000000,
    "weightedAverageShsOutDil": 916000000,
    "link": "https://www.sec.gov/Archives/edgar/data/97476/000009747623000025/0000097476-23-000025-index.htm",
    "finalLink": "https://www.sec.gov/Archives/edgar/data/97476/000009747623000025/txn-20230331.htm"
  },
  {
    "date": "2022-12-31",
    "symbol": "TXN",
    "reportedCurrency": "USD",
    "cik": "0000097476",
    "fillingDate": "2023-02-03",
    "acceptedDate": "2023-02-03 11:07:12",
    "calendarYear": "2022",
    "period": "Q4",
    "revenue": 4670000000,
    "costOfRevenue": 1583000000,
    "grossProfit": 3087000000,
    "grossProfitRatio": 0.6610278373,
    "researchAndDevelopmentExpenses": 434000000,
    "generalAndAdministrativeExpenses": 0,
    "sellingAndMarketingExpenses": 0,
    "sellingGeneralAndAdministrativeExpenses": 429000000,
    "otherExpenses": 51000000,
    "operatingExpenses": 863000000,
    "costAndExpenses": 2446000000,
    "interestIncome": 0,
    "interestExpense": 60000000,
    "depreciationAndAmortization": 263000000,
    "ebitda": 2490000000,
    "ebitdaratio": 0.5434689507,
    "operatingIncome": 2176000000,
    "operatingIncomeRatio": 0.4659528908,
    "totalOtherIncomeExpensesNet": -9000000,
    "incomeBeforeTax": 2167000000,
    "incomeBeforeTaxRatio": 0.4640256959,
    "incomeTaxExpense": 205000000,
    "netIncome": 1962000000,
    "netIncomeRatio": 0.4201284797,
    "eps": 2.17,
    "epsdiluted": 2.14,
    "weightedAverageShsOut": 906000000,
    "weightedAverageShsOutDil": 916000000,
    "link": "https://www.sec.gov/Archives/edgar/data/97476/000009747623000007/0000097476-23-000007-index.htm",
    "finalLink": "https://www.sec.gov/Archives/edgar/data/97476/000009747623000007/txn-20221231.htm"
  },
  {
    "date": "2022-09-30",
    "symbol": "TXN",
    "reportedCurrency": "USD",
    "cik": "0000097476",
    "fillingDate": "2022-10-26",
    "acceptedDate": "2022-10-26 09:25:10",
    "calendarYear": "2022",
    "period": "Q3",
    "revenue": 5241000000,
    "costOfRevenue": 1624000000,
    "grossProfit": 3617000000,
    "grossProfitRatio": 0.6901354703,
    "researchAndDevelopmentExpenses": 431000000,
    "generalAndAdministrativeExpenses": 0,
    "sellingAndMarketingExpenses": 0,
    "sellingGeneralAndAdministrativeExpenses": 431000000,
    "otherExpenses": 33000000,
    "operatingExpenses": 862000000,
    "costAndExpenses": 2486000000,
    "interestIncome": 0,
    "interestExpense": 53000000,
    "depreciationAndAmortization": 262000000,
    "ebitda": 2973000000,
    "ebitdaratio": 0.5819500095,
    "operatingIncome": 2678000000,
    "operatingIncomeRatio": 0.5109711887,
    "totalOtherIncomeExpensesNet": -20000000,
    "incomeBeforeTax": 2658000000,
    "incomeBeforeTaxRatio": 0.5071551231,
    "incomeTaxExpense": 363000000,
    "netIncome": 2295000000,
    "netIncomeRatio": 0.4378935318,
    "eps": 2.51,
    "epsdiluted": 2.49,
    "weightedAverageShsOut": 913000000,
    "weightedAverageShsOutDil": 923000000,
    "link": "https://www.sec.gov/Archives/edgar/data/97476/000009747622000048/0000097476-22-000048-index.htm",
    "finalLink": "https://www.sec.gov/Archives/edgar/data/97476/000009747622000048/txn-20220930.htm"
  },
  {
    "date": "2022-06-30",
    "symbol": "TXN",
    "reportedCurrency": "USD",
    "cik": "0000097476",
    "fillingDate": "2022-07-27",
    "acceptedDate": "2022-07-27 09:28:16",
    "calendarYear": "2022",
    "period": "Q2",
    "revenue": 5212000000,
    "costOfRevenue": 1587000000,
    "grossProfit": 3625000000,
    "grossProfitRatio": 0.6955103607,
    "researchAndDevelopmentExpenses": 414000000,
    "generalAndAdministrativeExpenses": 0,
    "sellingAndMarketingExpenses": 0,
    "sellingGeneralAndAdministrativeExpenses": 422000000,
    "otherExpenses": 7000000,
    "operatingExpenses": 836000000,
    "costAndExpenses": 2423000000,
    "interestIncome": 0,
    "interestExpense": 49000000,
    "depreciationAndAmortization": 240000000,
    "ebitda": 2970000000,
    "ebitdaratio": 0.5825019186,
    "operatingIncome": 2723000000,
    "operatingIncomeRatio": 0.5224481965,
    "totalOtherIncomeExpensesNet": -42000000,
    "incomeBeforeTax": 2681000000,
    "incomeBeforeTaxRatio": 0.5143898695,
    "incomeTaxExpense": 390000000,
    "netIncome": 2291000000,
    "netIncomeRatio": 0.439562548,
    "eps": 2.48,
    "epsdiluted": 2.45,
    "weightedAverageShsOut": 920000000,
    "weightedAverageShsOutDil": 930000000,
    "link": "https://www.sec.gov/Archives/edgar/data/97476/000009747622000040/0000097476-22-000040-index.htm",
    "finalLink": "https://www.sec.gov/Archives/edgar/data/97476/000009747622000040/txn-20220630.htm"
  },
  {
    "date": "2022-03-31",
    "symbol": "TXN",
    "reportedCurrency": "USD",
    "cik": "0000097476",
    "fillingDate": "2022-04-27",
    "acceptedDate": "2022-04-27 09:32:27",
    "calendarYear": "2022",
    "period": "Q1",
    "revenue": 4905000000,
    "costOfRevenue": 1463000000,
    "grossProfit": 3442000000,
    "grossProfitRatio": 0.7017329256,
    "researchAndDevelopmentExpenses": 391000000,
    "generalAndAdministrativeExpenses": 0,
    "sellingAndMarketingExpenses": 0,
    "sellingGeneralAndAdministrativeExpenses": 422000000,
    "otherExpenses": 15000000,
    "operatingExpenses": 813000000,
    "costAndExpenses": 2276000000,
    "interestIncome": 0,
    "interestExpense": 52000000,
    "depreciationAndAmortization": 214000000,
    "ebitda": 2792000000,
    "ebitdaratio": 0.5826707441,
    "operatingIncome": 2563000000,
    "operatingIncomeRatio": 0.5225280326,
    "totalOtherIncomeExpensesNet": -37000000,
    "incomeBeforeTax": 2526000000,
    "incomeBeforeTaxRatio": 0.5149847095,
    "incomeTaxExpense": 325000000,
    "netIncome": 2201000000,
    "netIncomeRatio": 0.44872579,
    "eps": 2.38,
    "epsdiluted": 2.36,
    "weightedAverageShsOut": 923000000,
    "weightedAverageShsOutDil": 934000000,
    "link": "https://www.sec.gov/Archives/edgar/data/97476/000009747622000028/0000097476-22-000028-index.htm",
    "finalLink": "https://www.sec.gov/Archives/edgar/data/97476/000009747622000028/txn-20220331.htm"
  },
  {
    "date": "2021-12-31",
    "symbol": "TXN",
    "reportedCurrency": "USD",
    "cik": "0000097476",
    "fillingDate": "2022-02-04",
    "acceptedDate": "2022-02-04 12:34:37",
    "calendarYear": "2021",
    "period": "Q4",
    "revenue": 4832000000,
    "costOfRevenue": 1482000000,
    "grossProfit": 3350000000,
    "grossProfitRatio": 0.693294702,
    "researchAndDevelopmentExpenses": 389000000,
    "generalAndAdministrativeExpenses": 0,
    "sellingAndMarketingExpenses": 0,
    "sellingGeneralAndAdministrativeExpenses": 404000000,
    "otherExpenses": 9000000,
    "operatingExpenses": 793000000,
    "costAndExpenses": 2275000000,
    "interestIncome": 0,
    "interestExpense": 49000000,
    "depreciationAndAmortization": 213000000,
    "ebitda": 2725000000,
    "ebitdaratio": 0.5751241722,
    "operatingIncome": 2503000000,
    "operatingIncomeRatio": 0.5180049669,
    "totalOtherIncomeExpensesNet": -40000000,
    "incomeBeforeTax": 2463000000,
    "incomeBeforeTaxRatio": 0.5097268212,
    "incomeTaxExpense": 325000000,
    "netIncome": 2138000000,
    "netIncomeRatio": 0.4424668874,
    "eps": 2.31,
    "epsdiluted": 2.27,
    "weightedAverageShsOut": 924000000,
    "weightedAverageShsOutDil": 936000000,
    "link": "https://www.sec.gov/Archives/edgar/data/97476/000009747622000009/0000097476-22-000009-index.htm",
    "finalLink": "https://www.sec.gov/Archives/edgar/data/97476/000009747622000009/txn-20211231.htm"
  },
  {
    "date": "2021-09-30",
    "symbol": "TXN",
    "reportedCurrency": "USD",
    "cik": "0000097476",
    "fillingDate": "2021-10-27",
    "acceptedDate": "2021-10-27 09:31:27",
    "calendarYear": "2021",
    "period": "Q3",
    "revenue": 4643000000,
    "costOfRevenue": 1491000000,
    "grossProfit": 3152000000,
    "grossProfitRatio": 0.6788714193,
    "researchAndDevelopmentExpenses": 388000000,
    "generalAndAdministrativeExpenses": 0,
    "sellingAndMarketingExpenses": 0,
    "sellingGeneralAndAdministrativeExpenses": 412000000,
    "otherExpenses": 15000000,
    "operatingExpenses": 800000000,
    "costAndExpenses": 2291000000,
    "interestIncome": 0,
    "interestExpense": 45000000,
    "depreciationAndAmortization": 253000000,
    "ebitda": 2573000000,
    "ebitdaratio": 0.5642903295,
    "operatingIncome": 2305000000,
    "operatingIncomeRatio": 0.4964462632,
    "totalOtherIncomeExpensesNet": -30000000,
    "incomeBeforeTax": 2275000000,
    "incomeBeforeTaxRatio": 0.4899849235,
    "incomeTaxExpense": 328000000,
    "netIncome": 1947000000,
    "netIncomeRatio": 0.4193409434,
    "eps": 2.11,
    "epsdiluted": 2.07,
    "weightedAverageShsOut": 923000000,
    "weightedAverageShsOutDil": 936000000,
    "link": "https://www.sec.gov/Archives/edgar/data/97476/000009747621000032/0000097476-21-000032-index.htm",
    "finalLink": "https://www.sec.gov/Archives/edgar/data/97476/000009747621000032/txn-20210930.htm"
  },
  {
    "date": "2021-06-30",
    "symbol": "TXN",
    "reportedCurrency": "USD",
    "cik": "0000097476",
    "fillingDate": "2021-07-22",
    "acceptedDate": "2021-07-22 09:24:27",
    "calendarYear": "2021",
    "period": "Q2",
    "revenue": 4580000000,
    "costOfRevenue": 1503000000,
    "grossProfit": 3077000000,
    "grossProfitRatio": 0.6718340611,
    "researchAndDevelopmentExpenses": 391000000,
    "generalAndAdministrativeExpenses": 0,
    "sellingAndMarketingExpenses": 0,
    "sellingGeneralAndAdministrativeExpenses": 425000000,
    "otherExpenses": 73000000,
    "operatingExpenses": 816000000,
    "costAndExpenses": 2319000000,
    "interestIncome": 0,
    "interestExpense": 44000000,
    "depreciationAndAmortization": 247000000,
    "ebitda": 2533000000,
    "ebitdaratio": 0.5635371179,
    "operatingIncome": 2213000000,
    "operatingIncomeRatio": 0.4831877729,
    "totalOtherIncomeExpensesNet": 29000000,
    "incomeBeforeTax": 2242000000,
    "incomeBeforeTaxRatio": 0.4895196507,
    "incomeTaxExpense": 311000000,
    "netIncome": 1931000000,
    "netIncomeRatio": 0.4216157205,
    "eps": 2.09,
    "epsdiluted": 2.05,
    "weightedAverageShsOut": 923000000,
    "weightedAverageShsOutDil": 937000000,
    "link": "https://www.sec.gov/Archives/edgar/data/97476/000009747621000020/0000097476-21-000020-index.htm",
    "finalLink": "https://www.sec.gov/Archives/edgar/data/97476/000009747621000020/txn-20210630.htm"
  },
  {
    "date": "2021-03-31",
    "symbol": "TXN",
    "reportedCurrency": "USD",
    "cik": "0000097476",
    "fillingDate": "2021-04-28",
    "acceptedDate": "2021-04-28 09:17:45",
    "calendarYear": "2021",
    "period": "Q1",
    "revenue": 4289000000,
    "costOfRevenue": 1492000000,
    "grossProfit": 2797000000,
    "grossProfitRatio": 0.6521333644,
    "researchAndDevelopmentExpenses": 386000000,
    "generalAndAdministrativeExpenses": 0,
    "sellingAndMarketingExpenses": 0,
    "sellingGeneralAndAdministrativeExpenses": 425000000,
    "otherExpenses": 46000000,
    "operatingExpenses": 811000000,
    "costAndExpenses": 2303000000,
    "interestIncome": 0,
    "interestExpense": 46000000,
    "depreciationAndAmortization": 241000000,
    "ebitda": 2226000000,
    "ebitdaratio": 0.5299603637,
    "operatingIncome": 1939000000,
    "operatingIncomeRatio": 0.4520867335,
    "totalOtherIncomeExpensesNet": 0,
    "incomeBeforeTax": 1939000000,
    "incomeBeforeTaxRatio": 0.4520867335,
    "incomeTaxExpense": 186000000,
    "netIncome": 1753000000,
    "netIncomeRatio": 0.4087199813,
    "eps": 1.9,
    "epsdiluted": 1.87,
    "weightedAverageShsOut": 922000000,
    "weightedAverageShsOutDil": 935000000,
    "link": "https://www.sec.gov/Archives/edgar/data/97476/000009747621000013/0000097476-21-000013-index.htm",
    "finalLink": "https://www.sec.gov/Archives/edgar/data/97476/000009747621000013/txn-20210331.htm"
  },
  {
    "date": "2020-12-31",
    "symbol": "TXN",
    "reportedCurrency": "USD",
    "cik": "0000097476",
    "fillingDate": "2021-02-05",
    "acceptedDate": "2021-02-05 16:26:50",
    "calendarYear": "2020",
    "period": "Q4",
    "revenue": 4076000000,
    "costOfRevenue": 1430000000,
    "grossProfit": 2646000000,
    "grossProfitRatio": 0.6491658489,
    "researchAndDevelopmentExpenses": 388000000,
    "generalAndAdministrativeExpenses": 0,
    "sellingAndMarketingExpenses": 0,
    "sellingGeneralAndAdministrativeExpenses": 398000000,
    "otherExpenses": 162000000,
    "operatingExpenses": 786000000,
    "costAndExpenses": 2216000000,
    "interestIncome": 0,
    "interestExpense": 48000000,
    "depreciationAndAmortization": 243000000,
    "ebitda": 2218000000,
    "ebitdaratio": 0.5556918548,
    "operatingIncome": 1813000000,
    "operatingIncomeRatio": 0.4447988224,
    "totalOtherIncomeExpensesNet": 114000000,
    "incomeBeforeTax": 1927000000,
    "incomeBeforeTaxRatio": 0.472767419,
    "incomeTaxExpense": 239000000,
    "netIncome": 1688000000,
    "netIncomeRatio": 0.4141315015,
    "eps": 1.84,
    "epsdiluted": 1.8,
    "weightedAverageShsOut": 919000000,
    "weightedAverageShsOutDil": 932000000,
    "link": "https://www.sec.gov/Archives/edgar/data/97476/000009747621000006/0000097476-21-000006-index.htm",
    "finalLink": "https://www.sec.gov/Archives/edgar/data/97476/000009747621000006/txn-20201231.htm"
  },
  {
    "date": "2020-09-30",
    "symbol": "TXN",
    "reportedCurrency": "USD",
    "cik": "0000097476",
    "fillingDate": "2020-10-21",
    "acceptedDate": "2020-10-21 09:16:37",
    "calendarYear": "2020",
    "period": "Q3",
    "revenue": 3817000000,
    "costOfRevenue": 1364000000,
    "grossProfit": 2453000000,
    "grossProfitRatio": 0.6426512968,
    "researchAndDevelopmentExpenses": 386000000,
    "generalAndAdministrativeExpenses": 0,
    "sellingAndMarketingExpenses": 0,
    "sellingGeneralAndAdministrativeExpenses": 407000000,
    "otherExpenses": 27000000,
    "operatingExpenses": 793000000,
    "costAndExpenses": 2157000000,
    "interestIncome": 0,
    "interestExpense": 49000000,
    "depreciationAndAmortization": 250000000,
    "ebitda": 1886000000,
    "ebitdaratio": 0.5074665968,
    "operatingIncome": 1609000000,
    "operatingIncomeRatio": 0.4215352371,
    "totalOtherIncomeExpensesNet": -22000000,
    "incomeBeforeTax": 1587000000,
    "incomeBeforeTaxRatio": 0.4157715483,
    "incomeTaxExpense": 234000000,
    "netIncome": 1353000000,
    "netIncomeRatio": 0.3544668588,
    "eps": 1.48,
    "epsdiluted": 1.45,
    "weightedAverageShsOut": 917000000,
    "weightedAverageShsOutDil": 929000000,
    "link": "https://www.sec.gov/Archives/edgar/data/97476/000162828020014630/0001628280-20-014630-index.htm",
    "finalLink": "https://www.sec.gov/Archives/edgar/data/97476/000162828020014630/txn-20200930.htm"
  },
  {
    "date": "2020-06-30",
    "symbol": "TXN",
    "reportedCurrency": "USD",
    "cik": "0000097476",
    "fillingDate": "2020-07-22",
    "acceptedDate": "2020-07-22 09:22:19",
    "calendarYear": "2020",
    "period": "Q2",
    "revenue": 3239000000,
    "costOfRevenue": 1157000000,
    "grossProfit": 2082000000,
    "grossProfitRatio": 0.6427909849,
    "researchAndDevelopmentExpenses": 379000000,
    "generalAndAdministrativeExpenses": 0,
    "sellingAndMarketingExpenses": 0,
    "sellingGeneralAndAdministrativeExpenses": 401000000,
    "otherExpenses": 99000000,
    "operatingExpenses": 780000000,
    "costAndExpenses": 1937000000,
    "interestIncome": 0,
    "interestExpense": 48000000,
    "depreciationAndAmortization": 249000000,
    "ebitda": 1576000000,
    "ebitdaratio": 0.5094164866,
    "operatingIncome": 1228000000,
    "operatingIncomeRatio": 0.3791293609,
    "totalOtherIncomeExpensesNet": 51000000,
    "incomeBeforeTax": 1279000000,
    "incomeBeforeTaxRatio": 0.3948749614,
    "incomeTaxExpense": -101000000,
    "netIncome": 1380000000,
    "netIncomeRatio": 0.4260574251,
    "eps": 1.51,
    "epsdiluted": 1.48,
    "weightedAverageShsOut": 916000000,
    "weightedAverageShsOutDil": 927000000,
    "link": "https://www.sec.gov/Archives/edgar/data/97476/000009747620000026/0000097476-20-000026-index.htm",
    "finalLink": "https://www.sec.gov/Archives/edgar/data/97476/000009747620000026/txn-20200630.htm"
  },
  {
    "date": "2020-03-31",
    "symbol": "TXN",
    "reportedCurrency": "USD",
    "cik": "0000097476",
    "fillingDate": "2020-04-22",
    "acceptedDate": "2020-04-22 09:39:59",
    "calendarYear": "2020",
    "period": "Q1",
    "revenue": 3329000000,
    "costOfRevenue": 1241000000,
    "grossProfit": 2088000000,
    "grossProfitRatio": 0.62721538,
    "researchAndDevelopmentExpenses": 377000000,
    "generalAndAdministrativeExpenses": 0,
    "sellingAndMarketingExpenses": 0,
    "sellingGeneralAndAdministrativeExpenses": 417000000,
    "otherExpenses": 25000000,
    "operatingExpenses": 794000000,
    "costAndExpenses": 2035000000,
    "interestIncome": 0,
    "interestExpense": 45000000,
    "depreciationAndAmortization": 250000000,
    "ebitda": 1519000000,
    "ebitdaratio": 0.4713127065,
    "operatingIncome": 1244000000,
    "operatingIncomeRatio": 0.3736857915,
    "totalOtherIncomeExpensesNet": -20000000,
    "incomeBeforeTax": 1224000000,
    "incomeBeforeTaxRatio": 0.3676779814,
    "incomeTaxExpense": 50000000,
    "netIncome": 1174000000,
    "netIncomeRatio": 0.352658456,
    "eps": 1.26,
    "epsdiluted": 1.24,
    "weightedAverageShsOut": 931000000,
    "weightedAverageShsOutDil": 943000000,
    "link": "https://www.sec.gov/Archives/edgar/data/97476/000009747620000017/0000097476-20-000017-index.htm",
    "finalLink": "https://www.sec.gov/Archives/edgar/data/97476/000009747620000017/txn-20200331.htm"
  },
  {
    "date": "2019-12-31",
    "symbol": "TXN",
    "reportedCurrency": "USD",
    "cik": "0000097476",
    "fillingDate": "2020-02-20",
    "acceptedDate": "2020-02-20 11:57:52",
    "calendarYear": "2019",
    "period": "Q4",
    "revenue": 3350000000,
    "costOfRevenue": 1253000000,
    "grossProfit": 2097000000,
    "grossProfitRatio": 0.6259701493,
    "researchAndDevelopmentExpenses": 386000000,
    "generalAndAdministrativeExpenses": 0,
    "sellingAndMarketingExpenses": 0,
    "sellingGeneralAndAdministrativeExpenses": 412000000,
    "otherExpenses": 53000000,
    "operatingExpenses": 798000000,
    "costAndExpenses": 2051000000,
    "interestIncome": 0,
    "interestExpense": 45000000,
    "depreciationAndAmortization": 250000000,
    "ebitda": 1552000000,
    "ebitdaratio": 0.4782089552,
    "operatingIncome": 1249000000,
    "operatingIncomeRatio": 0.3728358209,
    "totalOtherIncomeExpensesNet": 8000000,
    "incomeBeforeTax": 1257000000,
    "incomeBeforeTaxRatio": 0.3752238806,
    "incomeTaxExpense": 187000000,
    "netIncome": 1070000000,
    "netIncomeRatio": 0.3194029851,
    "eps": 1.15,
    "epsdiluted": 1.12,
    "weightedAverageShsOut": 933000000,
    "weightedAverageShsOutDil": 948000000,
    "link": "https://www.sec.gov/Archives/edgar/data/97476/000009747620000009/0000097476-20-000009-index.htm",
    "finalLink": "https://www.sec.gov/Archives/edgar/data/97476/000009747620000009/txn-20191231.htm"
  },
  {
    "date": "2019-09-30",
    "symbol": "TXN",
    "reportedCurrency": "USD",
    "cik": "0000097476",
    "fillingDate": "2019-10-31",
    "acceptedDate": "2019-10-31 09:43:34",
    "calendarYear": "2019",
    "period": "Q3",
    "revenue": 3771000000,
    "costOfRevenue": 1325000000,
    "grossProfit": 2446000000,
    "grossProfitRatio": 0.6486343145,
    "researchAndDevelopmentExpenses": 379000000,
    "generalAndAdministrativeExpenses": 0,
    "sellingAndMarketingExpenses": 0,
    "sellingGeneralAndAdministrativeExpenses": 399000000,
    "otherExpenses": 34000000,
    "operatingExpenses": 778000000,
    "costAndExpenses": 2103000000,
    "interestIncome": 0,
    "interestExpense": 43000000,
    "depreciationAndAmortization": 275000000,
    "ebitda": 1898000000,
    "ebitdaratio": 0.5242641209,
    "operatingIncome": 1589000000,
    "operatingIncomeRatio": 0.4213736409,
    "totalOtherIncomeExpensesNet": -9000000,
    "incomeBeforeTax": 1580000000,
    "incomeBeforeTaxRatio": 0.4189870061,
    "incomeTaxExpense": 155000000,
    "netIncome": 1425000000,
    "netIncomeRatio": 0.3778838504,
    "eps": 1.52,
    "epsdiluted": 1.49,
    "weightedAverageShsOut": 935000000,
    "weightedAverageShsOutDil": 950000000,
    "link": "https://www.sec.gov/Archives/edgar/data/97476/000009747619000009/0000097476-19-000009-index.htm",
    "finalLink": "https://www.sec.gov/Archives/edgar/data/97476/000009747619000009/txn-20190930.htm"
  },
  {
    "date": "2019-06-30",
    "symbol": "TXN",
    "reportedCurrency": "USD",
    "cik": "0000097476",
    "fillingDate": "2019-07-31",
    "acceptedDate": "2019-07-31 12:35:09",
    "calendarYear": "2019",
    "period": "Q2",
    "revenue": 3668000000,
    "costOfRevenue": 1308000000,
    "grossProfit": 2360000000,
    "grossProfitRatio": 0.6434023991,
    "researchAndDevelopmentExpenses": 390000000,
    "generalAndAdministrativeExpenses": 0,
    "sellingAndMarketingExpenses": 0,
    "sellingGeneralAndAdministrativeExpenses": 420000000,
    "otherExpenses": 52000000,
    "operatingExpenses": 810000000,
    "costAndExpenses": 2118000000,
    "interestIncome": 0,
    "interestExpense": 44000000,
    "depreciationAndAmortization": 267000000,
    "ebitda": 1825000000,
    "ebitdaratio": 0.5095419847,
    "operatingIncome": 1506000000,
    "operatingIncomeRatio": 0.4105779716,
    "totalOtherIncomeExpensesNet": 8000000,
    "incomeBeforeTax": 1514000000,
    "incomeBeforeTaxRatio": 0.4127589967,
    "incomeTaxExpense": 209000000,
    "netIncome": 1305000000,
    "netIncomeRatio": 0.3557797165,
    "eps": 1.39,
    "epsdiluted": 1.36,
    "weightedAverageShsOut": 937000000,
    "weightedAverageShsOutDil": 953000000,
    "link": "https://www.sec.gov/Archives/edgar/data/97476/000156459019027328/0001564590-19-027328-index.htm",
    "finalLink": "https://www.sec.gov/Archives/edgar/data/97476/000156459019027328/txn-10q_20190630.htm"
  },
  {
    "date": "2019-03-31",
    "symbol": "TXN",
    "reportedCurrency": "USD",
    "cik": "0000097476",
    "fillingDate": "2019-04-30",
    "acceptedDate": "2019-04-30 10:52:20",
    "calendarYear": "2019",
    "period": "Q1",
    "revenue": 3594000000,
    "costOfRevenue": 1333000000,
    "grossProfit": 2261000000,
    "grossProfitRatio": 0.6291040623,
    "researchAndDevelopmentExpenses": 389000000,
    "generalAndAdministrativeExpenses": 0,
    "sellingAndMarketingExpenses": 0,
    "sellingGeneralAndAdministrativeExpenses": 414000000,
    "otherExpenses": 36000000,
    "operatingExpenses": 803000000,
    "costAndExpenses": 2136000000,
    "interestIncome": 0,
    "interestExpense": 38000000,
    "depreciationAndAmortization": 258000000,
    "ebitda": 1673000000,
    "ebitdaratio": 0.4874791319,
    "operatingIncome": 1379000000,
    "operatingIncomeRatio": 0.3836950473,
    "totalOtherIncomeExpensesNet": -2000000,
    "incomeBeforeTax": 1377000000,
    "incomeBeforeTaxRatio": 0.3831385643,
    "incomeTaxExpense": 160000000,
    "netIncome": 1217000000,
    "netIncomeRatio": 0.3386199221,
    "eps": 1.3,
    "epsdiluted": 1.26,
    "weightedAverageShsOut": 939000000,
    "weightedAverageShsOutDil": 956000000,
    "link": "https://www.sec.gov/Archives/edgar/data/97476/000156459019014051/0001564590-19-014051-index.htm",
    "finalLink": "https://www.sec.gov/Archives/edgar/data/97476/000156459019014051/txn-10q_20190331.htm"
  },
  {
    "date": "2018-12-31",
    "symbol": "TXN",
    "reportedCurrency": "USD",
    "cik": "0000097476",
    "fillingDate": "2019-02-22",
    "acceptedDate": "2019-02-22 12:16:54",
    "calendarYear": "2018",
    "period": "Q4",
    "revenue": 3717000000,
    "costOfRevenue": 1310000000,
    "grossProfit": 2407000000,
    "grossProfitRatio": 0.6475652408,
    "researchAndDevelopmentExpenses": 400000000,
    "generalAndAdministrativeExpenses": 0,
    "sellingAndMarketingExpenses": 0,
    "sellingGeneralAndAdministrativeExpenses": 414000000,
    "otherExpenses": 23000000,
    "operatingExpenses": 814000000,
    "costAndExpenses": 2124000000,
    "interestIncome": 0,
    "interestExpense": 36000000,
    "depreciationAndAmortization": 249000000,
    "ebitda": 1788000000,
    "ebitdaratio": 0.5017487221,
    "operatingIncome": 1516000000,
    "operatingIncomeRatio": 0.4078557977,
    "totalOtherIncomeExpensesNet": -13000000,
    "incomeBeforeTax": 1503000000,
    "incomeBeforeTaxRatio": 0.4043583535,
    "incomeTaxExpense": 264000000,
    "netIncome": 1239000000,
    "netIncomeRatio": 0.3333333333,
    "eps": 1.3,
    "epsdiluted": 1.27,
    "weightedAverageShsOut": 953000000,
    "weightedAverageShsOutDil": 970000000,
    "link": "https://www.sec.gov/Archives/edgar/data/97476/000156459019003839/0001564590-19-003839-index.htm",
    "finalLink": "https://www.sec.gov/Archives/edgar/data/97476/000156459019003839/txn-10k_20181231.htm"
  },
  {
    "date": "2018-09-30",
    "symbol": "TXN",
    "reportedCurrency": "USD",
    "cik": "0000097476",
    "fillingDate": "2018-11-02",
    "acceptedDate": "2018-11-02 11:38:05",
    "calendarYear": "2018",
    "period": "Q3",
    "revenue": 4261000000,
    "costOfRevenue": 1457000000,
    "grossProfit": 2804000000,
    "grossProfitRatio": 0.6580614879,
    "researchAndDevelopmentExpenses": 390000000,
    "generalAndAdministrativeExpenses": 0,
    "sellingAndMarketingExpenses": 0,
    "sellingGeneralAndAdministrativeExpenses": 396000000,
    "otherExpenses": 23000000,
    "operatingExpenses": 786000000,
    "costAndExpenses": 2243000000,
    "interestIncome": 0,
    "interestExpense": 36000000,
    "depreciationAndAmortization": 243000000,
    "ebitda": 2203000000,
    "ebitdaratio": 0.5360244074,
    "operatingIncome": 1937000000,
    "operatingIncomeRatio": 0.4545881249,
    "totalOtherIncomeExpensesNet": -13000000,
    "incomeBeforeTax": 1924000000,
    "incomeBeforeTaxRatio": 0.4515371978,
    "incomeTaxExpense": 354000000,
    "netIncome": 1570000000,
    "netIncomeRatio": 0.3684581084,
    "eps": 1.62,
    "epsdiluted": 1.58,
    "weightedAverageShsOut": 969000000,
    "weightedAverageShsOutDil": 989000000,
    "link": "https://www.sec.gov/Archives/edgar/data/97476/000156459018026405/0001564590-18-026405-index.htm",
    "finalLink": "https://www.sec.gov/Archives/edgar/data/97476/000156459018026405/txn-10q_20180930.htm"
  },
  {
    "date": "2018-06-30",
    "symbol": "TXN",
    "reportedCurrency": "USD",
    "cik": "0000097476",
    "fillingDate": "2018-08-02",
    "acceptedDate": "2018-08-02 11:20:59",
    "calendarYear": "2018",
    "period": "Q2",
    "revenue": 4017000000,
    "costOfRevenue": 1398000000,
    "grossProfit": 2619000000,
    "grossProfitRatio": 0.6519790889,
    "researchAndDevelopmentExpenses": 384000000,
    "generalAndAdministrativeExpenses": 0,
    "sellingAndMarketingExpenses": 0,
    "sellingGeneralAndAdministrativeExpenses": 441000000,
    "otherExpenses": 24000000,
    "operatingExpenses": 825000000,
    "costAndExpenses": 2223000000,
    "interestIncome": 0,
    "interestExpense": 30000000,
    "depreciationAndAmortization": 233000000,
    "ebitda": 1969000000,
    "ebitdaratio": 0.5105800349,
    "operatingIncome": 1712000000,
    "operatingIncomeRatio": 0.426188698,
    "totalOtherIncomeExpensesNet": -6000000,
    "incomeBeforeTax": 1706000000,
    "incomeBeforeTaxRatio": 0.4246950461,
    "incomeTaxExpense": 301000000,
    "netIncome": 1405000000,
    "netIncomeRatio": 0.3497635051,
    "eps": 1.44,
    "epsdiluted": 1.4,
    "weightedAverageShsOut": 977000000,
    "weightedAverageShsOutDil": 997000000,
    "link": "https://www.sec.gov/Archives/edgar/data/97476/000156459018018753/0001564590-18-018753-index.htm",
    "finalLink": "https://www.sec.gov/Archives/edgar/data/97476/000156459018018753/txn-10q_20180630.htm"
  },
  {
    "date": "2018-03-31",
    "symbol": "TXN",
    "reportedCurrency": "USD",
    "cik": "0000097476",
    "fillingDate": "2018-05-03",
    "acceptedDate": "2018-05-03 10:59:44",
    "calendarYear": "2018",
    "period": "Q1",
    "revenue": 3789000000,
    "costOfRevenue": 1342000000,
    "grossProfit": 2447000000,
    "grossProfitRatio": 0.6458168382,
    "researchAndDevelopmentExpenses": 385000000,
    "generalAndAdministrativeExpenses": 0,
    "sellingAndMarketingExpenses": 0,
    "sellingGeneralAndAdministrativeExpenses": 433000000,
    "otherExpenses": 28000000,
    "operatingExpenses": 818000000,
    "costAndExpenses": 2160000000,
    "interestIncome": 0,
    "interestExpense": 23000000,
    "depreciationAndAmortization": 229000000,
    "ebitda": 1805000000,
    "ebitdaratio": 0.497756664,
    "operatingIncome": 1548000000,
    "operatingIncomeRatio": 0.4085510689,
    "totalOtherIncomeExpensesNet": 5000000,
    "incomeBeforeTax": 1553000000,
    "incomeBeforeTaxRatio": 0.4098706783,
    "incomeTaxExpense": 187000000,
    "netIncome": 1366000000,
    "netIncomeRatio": 0.3605172869,
    "eps": 1.39,
    "epsdiluted": 1.35,
    "weightedAverageShsOut": 983000000,
    "weightedAverageShsOutDil": 1005000000,
    "link": "https://www.sec.gov/Archives/edgar/data/97476/000156459018010545/0001564590-18-010545-index.htm",
    "finalLink": "https://www.sec.gov/Archives/edgar/data/97476/000156459018010545/txn-10q_20180331.htm"
  },
  {
    "date": "2017-12-31",
    "symbol": "TXN",
    "reportedCurrency": "USD",
    "cik": "0000097476",
    "fillingDate": "2018-02-22",
    "acceptedDate": "2018-02-22 13:58:19",
    "calendarYear": "2017",
    "period": "Q4",
    "revenue": 3750000000,
    "costOfRevenue": 1310000000,
    "grossProfit": 2440000000,
    "grossProfitRatio": 0.6506666667,
    "researchAndDevelopmentExpenses": 386000000,
    "generalAndAdministrativeExpenses": 0,
    "sellingAndMarketingExpenses": 0,
    "sellingGeneralAndAdministrativeExpenses": 409000000,
    "otherExpenses": 8000000,
    "operatingExpenses": 795000000,
    "costAndExpenses": 2105000000,
    "interestIncome": 0,
    "interestExpense": 21000000,
    "depreciationAndAmortization": 224000000,
    "ebitda": 1795000000,
    "ebitdaratio": 0.5005333333,
    "operatingIncome": 1563000000,
    "operatingIncomeRatio": 0.4168,
    "totalOtherIncomeExpensesNet": -13000000,
    "incomeBeforeTax": 1550000000,
    "incomeBeforeTaxRatio": 0.4133333333,
    "incomeTaxExpense": 1206000000,
    "netIncome": 344000000,
    "netIncomeRatio": 0.0917333333,
    "eps": 0.35,
    "epsdiluted": 0.34,
    "weightedAverageShsOut": 985000000,
    "weightedAverageShsOutDil": 1007000000,
    "link": "https://www.sec.gov/Archives/edgar/data/97476/000156459018002832/0001564590-18-002832-index.htm",
    "finalLink": "https://www.sec.gov/Archives/edgar/data/97476/000156459018002832/txn-10k_20171231.htm"
  },
  {
    "date": "2017-09-30",
    "symbol": "TXN",
    "reportedCurrency": "USD",
    "cik": "0000097476",
    "fillingDate": "2017-11-02",
    "acceptedDate": "2017-11-02 11:22:00",
    "calendarYear": "2017",
    "period": "Q3",
    "revenue": 4116000000,
    "costOfRevenue": 1460000000,
    "grossProfit": 2656000000,
    "grossProfitRatio": 0.6452866861,
    "researchAndDevelopmentExpenses": 375000000,
    "generalAndAdministrativeExpenses": 0,
    "sellingAndMarketingExpenses": 0,
    "sellingGeneralAndAdministrativeExpenses": 412000000,
    "otherExpenses": 20000000,
    "operatingExpenses": 787000000,
    "costAndExpenses": 2247000000,
    "interestIncome": 0,
    "interestExpense": 19000000,
    "depreciationAndAmortization": 225000000,
    "ebitda": 2033000000,
    "ebitdaratio": 0.5136054422,
    "operatingIncome": 1788000000,
    "operatingIncomeRatio": 0.4344023324,
    "totalOtherIncomeExpensesNet": 1000000,
    "incomeBeforeTax": 1789000000,
    "incomeBeforeTaxRatio": 0.4346452867,
    "incomeTaxExpense": 504000000,
    "netIncome": 1285000000,
    "netIncomeRatio": 0.3121963071,
    "eps": 1.3,
    "epsdiluted": 1.26,
    "weightedAverageShsOut": 988000000,
    "weightedAverageShsOutDil": 1008000000,
    "link": "https://www.sec.gov/Archives/edgar/data/97476/000156459017021032/0001564590-17-021032-index.htm",
    "finalLink": "https://www.sec.gov/Archives/edgar/data/97476/000156459017021032/txn-10q_20170930.htm"
  },
  {
    "date": "2017-06-30",
    "symbol": "TXN",
    "reportedCurrency": "USD",
    "cik": "0000097476",
    "fillingDate": "2017-08-03",
    "acceptedDate": "2017-08-03 09:58:34",
    "calendarYear": "2017",
    "period": "Q2",
    "revenue": 3693000000,
    "costOfRevenue": 1319000000,
    "grossProfit": 2374000000,
    "grossProfitRatio": 0.6428378012,
    "researchAndDevelopmentExpenses": 378000000,
    "generalAndAdministrativeExpenses": 0,
    "sellingAndMarketingExpenses": 0,
    "sellingGeneralAndAdministrativeExpenses": 434000000,
    "otherExpenses": 26000000,
    "operatingExpenses": 812000000,
    "costAndExpenses": 2131000000,
    "interestIncome": 0,
    "interestExpense": 20000000,
    "depreciationAndAmortization": 225000000,
    "ebitda": 1731000000,
    "ebitdaratio": 0.4909287842,
    "operatingIncome": 1480000000,
    "operatingIncomeRatio": 0.4007581912,
    "totalOtherIncomeExpensesNet": 6000000,
    "incomeBeforeTax": 1486000000,
    "incomeBeforeTaxRatio": 0.4023828865,
    "incomeTaxExpense": 430000000,
    "netIncome": 1056000000,
    "netIncomeRatio": 0.2859463851,
    "eps": 1.06,
    "epsdiluted": 1.03,
    "weightedAverageShsOut": 994000000,
    "weightedAverageShsOutDil": 1015000000,
    "link": "https://www.sec.gov/Archives/edgar/data/97476/000156459017015153/0001564590-17-015153-index.htm",
    "finalLink": "https://www.sec.gov/Archives/edgar/data/97476/000156459017015153/txn-10q_20170630.htm"
  },
  {
    "date": "2017-03-31",
    "symbol": "TXN",
    "reportedCurrency": "USD",
    "cik": "0000097476",
    "fillingDate": "2017-05-03",
    "acceptedDate": "2017-05-03 11:32:46",
    "calendarYear": "2017",
    "period": "Q1",
    "revenue": 3402000000,
    "costOfRevenue": 1258000000,
    "grossProfit": 2144000000,
    "grossProfitRatio": 0.6302175191,
    "researchAndDevelopmentExpenses": 369000000,
    "generalAndAdministrativeExpenses": 0,
    "sellingAndMarketingExpenses": 0,
    "sellingGeneralAndAdministrativeExpenses": 439000000,
    "otherExpenses": 21000000,
    "operatingExpenses": 808000000,
    "costAndExpenses": 2066000000,
    "interestIncome": 0,
    "interestExpense": 18000000,
    "depreciationAndAmortization": 230000000,
    "ebitda": 1503000000,
    "ebitdaratio": 0.4664902998,
    "operatingIncome": 1252000000,
    "operatingIncomeRatio": 0.3680188125,
    "totalOtherIncomeExpensesNet": 3000000,
    "incomeBeforeTax": 1255000000,
    "incomeBeforeTaxRatio": 0.3689006467,
    "incomeTaxExpense": 258000000,
    "netIncome": 997000000,
    "netIncomeRatio": 0.2930629042,
    "eps": 1,
    "epsdiluted": 0.97,
    "weightedAverageShsOut": 998000000,
    "weightedAverageShsOutDil": 1019000000,
    "link": "https://www.sec.gov/Archives/edgar/data/97476/000156459017008260/0001564590-17-008260-index.htm",
    "finalLink": "https://www.sec.gov/Archives/edgar/data/97476/000156459017008260/txn-10q_20170331.htm"
  },
  {
    "date": "2016-12-31",
    "symbol": "TXN",
    "reportedCurrency": "USD",
    "cik": "0000097476",
    "fillingDate": "2017-02-23",
    "acceptedDate": "2017-02-23 13:00:41",
    "calendarYear": "2016",
    "period": "Q4",
    "revenue": 3414000000,
    "costOfRevenue": 1281000000,
    "grossProfit": 2133000000,
    "grossProfitRatio": 0.6247803163,
    "researchAndDevelopmentExpenses": 343000000,
    "generalAndAdministrativeExpenses": 0,
    "sellingAndMarketingExpenses": 0,
    "sellingGeneralAndAdministrativeExpenses": 411000000,
    "otherExpenses": 197000000,
    "operatingExpenses": 754000000,
    "costAndExpenses": 2035000000,
    "interestIncome": 22000000,
    "interestExpense": 19000000,
    "depreciationAndAmortization": 227000000,
    "ebitda": 1743000000,
    "ebitdaratio": 0.5281195079,
    "operatingIncome": 1319000000,
    "operatingIncomeRatio": 0.3863503222,
    "totalOtherIncomeExpensesNet": 178000000,
    "incomeBeforeTax": 1497000000,
    "incomeBeforeTaxRatio": 0.4384885764,
    "incomeTaxExpense": 450000000,
    "netIncome": 1047000000,
    "netIncomeRatio": 0.3066783831,
    "eps": 1.05,
    "epsdiluted": 1.02,
    "weightedAverageShsOut": 995983961,
    "weightedAverageShsOutDil": 1018000000,
    "link": "https://www.sec.gov/Archives/edgar/data/97476/000156459017002142/0001564590-17-002142-index.htm",
    "finalLink": "https://www.sec.gov/Archives/edgar/data/97476/000156459017002142/txn-10k_20161231.htm"
  },
  {
    "date": "2016-09-30",
    "symbol": "TXN",
    "reportedCurrency": "USD",
    "cik": "0000097476",
    "fillingDate": "2016-11-03",
    "acceptedDate": "2016-11-02 18:04:32",
    "calendarYear": "2016",
    "period": "Q3",
    "revenue": 3675000000,
    "costOfRevenue": 1395000000,
    "grossProfit": 2280000000,
    "grossProfitRatio": 0.6204081633,
    "researchAndDevelopmentExpenses": 356000000,
    "generalAndAdministrativeExpenses": 0,
    "sellingAndMarketingExpenses": 0,
    "sellingGeneralAndAdministrativeExpenses": 448000000,
    "otherExpenses": 4000000,
    "operatingExpenses": 804000000,
    "costAndExpenses": 2199000000,
    "interestIncome": 0,
    "interestExpense": 18000000,
    "depreciationAndAmortization": 237000000,
    "ebitda": 1636000000,
    "ebitdaratio": 0.4672108844,
    "operatingIncome": 1395000000,
    "operatingIncomeRatio": 0.3795918367,
    "totalOtherIncomeExpensesNet": -15000000,
    "incomeBeforeTax": 1381000000,
    "incomeBeforeTaxRatio": 0.3757823129,
    "incomeTaxExpense": 413000000,
    "netIncome": 968000000,
    "netIncomeRatio": 0.2634013605,
    "eps": 0.97,
    "epsdiluted": 0.94,
    "weightedAverageShsOut": 1001122459,
    "weightedAverageShsOutDil": 1017000000,
    "link": "https://www.sec.gov/Archives/edgar/data/97476/000156459016027067/0001564590-16-027067-index.htm",
    "finalLink": "https://www.sec.gov/Archives/edgar/data/97476/000156459016027067/txn-10q_20160930.htm"
  },
  {
    "date": "2016-06-30",
    "symbol": "TXN",
    "reportedCurrency": "USD",
    "cik": "0000097476",
    "fillingDate": "2016-08-04",
    "acceptedDate": "2016-08-04 11:32:07",
    "calendarYear": "2016",
    "period": "Q2",
    "revenue": 3273000000,
    "costOfRevenue": 1270000000,
    "grossProfit": 2003000000,
    "grossProfitRatio": 0.6119767797,
    "researchAndDevelopmentExpenses": 345000000,
    "generalAndAdministrativeExpenses": 0,
    "sellingAndMarketingExpenses": 0,
    "sellingGeneralAndAdministrativeExpenses": 460000000,
    "otherExpenses": 6000000,
    "operatingExpenses": 805000000,
    "costAndExpenses": 2075000000,
    "interestIncome": 0,
    "interestExpense": 21000000,
    "depreciationAndAmortization": 242000000,
    "ebitda": 1353000000,
    "ebitdaratio": 0.441796517,
    "operatingIncome": 1117000000,
    "operatingIncomeRatio": 0.3412771158,
    "totalOtherIncomeExpensesNet": -17000000,
    "incomeBeforeTax": 1102000000,
    "incomeBeforeTaxRatio": 0.3366941644,
    "incomeTaxExpense": 323000000,
    "netIncome": 779000000,
    "netIncomeRatio": 0.2380079438,
    "eps": 0.78,
    "epsdiluted": 0.76,
    "weightedAverageShsOut": 1003348270,
    "weightedAverageShsOutDil": 1016000000,
    "link": "https://www.sec.gov/Archives/edgar/data/97476/000156459016022552/0001564590-16-022552-index.htm",
    "finalLink": "https://www.sec.gov/Archives/edgar/data/97476/000156459016022552/txn-10q_20160630.htm"
  },
  {
    "date": "2016-03-31",
    "symbol": "TXN",
    "reportedCurrency": "USD",
    "cik": "0000097476",
    "fillingDate": "2016-05-04",
    "acceptedDate": "2016-05-04 11:41:30",
    "calendarYear": "2016",
    "period": "Q1",
    "revenue": 3008000000,
    "costOfRevenue": 1184000000,
    "grossProfit": 1824000000,
    "grossProfitRatio": 0.6063829787,
    "researchAndDevelopmentExpenses": 326000000,
    "generalAndAdministrativeExpenses": 0,
    "sellingAndMarketingExpenses": 0,
    "sellingGeneralAndAdministrativeExpenses": 448000000,
    "otherExpenses": 4000000,
    "operatingExpenses": 774000000,
    "costAndExpenses": 1958000000,
    "interestIncome": 0,
    "interestExpense": 22000000,
    "depreciationAndAmortization": 249000000,
    "ebitda": 1221000000,
    "ebitdaratio": 0.4331781915,
    "operatingIncome": 968000000,
    "operatingIncomeRatio": 0.3218085106,
    "totalOtherIncomeExpensesNet": -18000000,
    "incomeBeforeTax": 950000000,
    "incomeBeforeTaxRatio": 0.3158244681,
    "incomeTaxExpense": 282000000,
    "netIncome": 668000000,
    "netIncomeRatio": 0.2220744681,
    "eps": 0.66,
    "epsdiluted": 0.65,
    "weightedAverageShsOut": 1006571760,
    "weightedAverageShsOutDil": 1018000000,
    "link": "https://www.sec.gov/Archives/edgar/data/97476/000156459016017570/0001564590-16-017570-index.htm",
    "finalLink": "https://www.sec.gov/Archives/edgar/data/97476/000156459016017570/txn-10q_20160331.htm"
  },
  {
    "date": "2015-12-31",
    "symbol": "TXN",
    "reportedCurrency": "USD",
    "cik": "0000097476",
    "fillingDate": "2016-02-24",
    "acceptedDate": "2016-02-24 10:31:05",
    "calendarYear": "2015",
    "period": "Q4",
    "revenue": 3189000000,
    "costOfRevenue": 1323000000,
    "grossProfit": 1866000000,
    "grossProfitRatio": 0.5851364064,
    "researchAndDevelopmentExpenses": 306000000,
    "generalAndAdministrativeExpenses": 0,
    "sellingAndMarketingExpenses": 0,
    "sellingGeneralAndAdministrativeExpenses": 405000000,
    "otherExpenses": 19000000,
    "operatingExpenses": 711000000,
    "costAndExpenses": 2034000000,
    "interestIncome": 28000000,
    "interestExpense": 22000000,
    "depreciationAndAmortization": 261000000,
    "ebitda": 289000000,
    "ebitdaratio": 0.4499843211,
    "operatingIncome": 1142000000,
    "operatingIncomeRatio": 0.3581059893,
    "totalOtherIncomeExpensesNet": -3000000,
    "incomeBeforeTax": 1139000000,
    "incomeBeforeTaxRatio": 0.3571652556,
    "incomeTaxExpense": 303000000,
    "netIncome": 836000000,
    "netIncomeRatio": 0.2621511446,
    "eps": 0.83,
    "epsdiluted": 0.8,
    "weightedAverageShsOut": 1011268412,
    "weightedAverageShsOutDil": 1027000000,
    "link": "https://www.sec.gov/Archives/edgar/data/97476/000156459016013126/0001564590-16-013126-index.htm",
    "finalLink": "https://www.sec.gov/Archives/edgar/data/97476/000156459016013126/txn-10k_20151231.htm"
  },
  {
    "date": "2015-09-30",
    "symbol": "TXN",
    "reportedCurrency": "USD",
    "cik": "0000097476",
    "fillingDate": "2015-11-05",
    "acceptedDate": "2015-11-05 10:41:32",
    "calendarYear": "2015",
    "period": "Q3",
    "revenue": 3429000000,
    "costOfRevenue": 1432000000,
    "grossProfit": 1997000000,
    "grossProfitRatio": 0.5823855351,
    "researchAndDevelopmentExpenses": 316000000,
    "generalAndAdministrativeExpenses": 0,
    "sellingAndMarketingExpenses": 0,
    "sellingGeneralAndAdministrativeExpenses": 434000000,
    "otherExpenses": 6000000,
    "operatingExpenses": 750000000,
    "costAndExpenses": 2182000000,
    "interestIncome": 0,
    "interestExpense": 22000000,
    "depreciationAndAmortization": 285000000,
    "ebitda": 1455000000,
    "ebitdaratio": 0.4485272674,
    "operatingIncome": 1164000000,
    "operatingIncomeRatio": 0.3394575678,
    "totalOtherIncomeExpensesNet": -16000000,
    "incomeBeforeTax": 1148000000,
    "incomeBeforeTaxRatio": 0.3347914844,
    "incomeTaxExpense": 350000000,
    "netIncome": 798000000,
    "netIncomeRatio": 0.2327209099,
    "eps": 0.78,
    "epsdiluted": 0.76,
    "weightedAverageShsOut": 1019629587,
    "weightedAverageShsOutDil": 1035000000,
    "link": "https://www.sec.gov/Archives/edgar/data/97476/000156459015009541/0001564590-15-009541-index.htm",
    "finalLink": "https://www.sec.gov/Archives/edgar/data/97476/000156459015009541/txn-10q_20150930.htm"
  },
  {
    "date": "2015-06-30",
    "symbol": "TXN",
    "reportedCurrency": "USD",
    "cik": "0000097476",
    "fillingDate": "2015-08-04",
    "acceptedDate": "2015-08-04 10:40:29",
    "calendarYear": "2015",
    "period": "Q2",
    "revenue": 3232000000,
    "costOfRevenue": 1351000000,
    "grossProfit": 1881000000,
    "grossProfitRatio": 0.5819925743,
    "researchAndDevelopmentExpenses": 320000000,
    "generalAndAdministrativeExpenses": 0,
    "sellingAndMarketingExpenses": 0,
    "sellingGeneralAndAdministrativeExpenses": 470000000,
    "otherExpenses": 3000000,
    "operatingExpenses": 790000000,
    "costAndExpenses": 2141000000,
    "interestIncome": 0,
    "interestExpense": 24000000,
    "depreciationAndAmortization": 291000000,
    "ebitda": 1304000000,
    "ebitdaratio": 0.4285272277,
    "operatingIncome": 1010000000,
    "operatingIncomeRatio": 0.3125,
    "totalOtherIncomeExpensesNet": -21000000,
    "incomeBeforeTax": 989000000,
    "incomeBeforeTaxRatio": 0.3060024752,
    "incomeTaxExpense": 293000000,
    "netIncome": 696000000,
    "netIncomeRatio": 0.2153465347,
    "eps": 0.67,
    "epsdiluted": 0.65,
    "weightedAverageShsOut": 1034101784,
    "weightedAverageShsOutDil": 1051000000,
    "link": "https://www.sec.gov/Archives/edgar/data/97476/000156459015006014/0001564590-15-006014-index.htm",
    "finalLink": "https://www.sec.gov/Archives/edgar/data/97476/000156459015006014/txn-10q_20150630.htm"
  },
  {
    "date": "2015-03-31",
    "symbol": "TXN",
    "reportedCurrency": "USD",
    "cik": "0000097476",
    "fillingDate": "2015-05-05",
    "acceptedDate": "2015-05-05 11:10:12",
    "calendarYear": "2015",
    "period": "Q1",
    "revenue": 3150000000,
    "costOfRevenue": 1334000000,
    "grossProfit": 1816000000,
    "grossProfitRatio": 0.5765079365,
    "researchAndDevelopmentExpenses": 338000000,
    "generalAndAdministrativeExpenses": 0,
    "sellingAndMarketingExpenses": 0,
    "sellingGeneralAndAdministrativeExpenses": 439000000,
    "otherExpenses": 4000000,
    "operatingExpenses": 777000000,
    "costAndExpenses": 2111000000,
    "interestIncome": 0,
    "interestExpense": 22000000,
    "depreciationAndAmortization": 296000000,
    "ebitda": 1258000000,
    "ebitdaratio": 0.4250793651,
    "operatingIncome": 958000000,
    "operatingIncomeRatio": 0.3041269841,
    "totalOtherIncomeExpensesNet": -18000000,
    "incomeBeforeTax": 940000000,
    "incomeBeforeTaxRatio": 0.2984126984,
    "incomeTaxExpense": 284000000,
    "netIncome": 656000000,
    "netIncomeRatio": 0.2082539683,
    "eps": 0.63,
    "epsdiluted": 0.61,
    "weightedAverageShsOut": 1044414019,
    "weightedAverageShsOutDil": 1061000000,
    "link": "https://www.sec.gov/Archives/edgar/data/97476/000156459015003271/0001564590-15-003271-index.htm",
    "finalLink": "https://www.sec.gov/Archives/edgar/data/97476/000156459015003271/txn-10q_20150331.htm"
  },
  {
    "date": "2014-12-31",
    "symbol": "TXN",
    "reportedCurrency": "USD",
    "cik": "0000097476",
    "fillingDate": "2015-02-24",
    "acceptedDate": "2015-02-24 16:24:05",
    "calendarYear": "2014",
    "period": "Q4",
    "revenue": 3269000000,
    "costOfRevenue": 1374000000,
    "grossProfit": 1895000000,
    "grossProfitRatio": 0.579687978,
    "researchAndDevelopmentExpenses": 311000000,
    "generalAndAdministrativeExpenses": 0,
    "sellingAndMarketingExpenses": 0,
    "sellingGeneralAndAdministrativeExpenses": 429000000,
    "otherExpenses": 9000000,
    "operatingExpenses": 740000000,
    "costAndExpenses": 2114000000,
    "interestIncome": 13000000,
    "interestExpense": 22000000,
    "depreciationAndAmortization": 305000000,
    "ebitda": 184000000,
    "ebitdaratio": 0.4493728969,
    "operatingIncome": 1100000000,
    "operatingIncomeRatio": 0.3364943408,
    "totalOtherIncomeExpensesNet": -13000000,
    "incomeBeforeTax": 1087000000,
    "incomeBeforeTaxRatio": 0.3325175895,
    "incomeTaxExpense": 262000000,
    "netIncome": 825000000,
    "netIncomeRatio": 0.2523707556,
    "eps": 0.79,
    "epsdiluted": 0.76,
    "weightedAverageShsOut": 1046626812,
    "weightedAverageShsOutDil": 1063000000,
    "link": "https://www.sec.gov/Archives/edgar/data/97476/000009747615000003/0000097476-15-000003-index.htm",
    "finalLink": "https://www.sec.gov/Archives/edgar/data/97476/000009747615000003/txn-12312014x10xk.htm"
  },
  {
    "date": "2014-09-30",
    "symbol": "TXN",
    "reportedCurrency": "USD",
    "cik": "0000097476",
    "fillingDate": "2014-10-31",
    "acceptedDate": "2014-10-31 10:12:11",
    "calendarYear": "2014",
    "period": "Q3",
    "revenue": 3501000000,
    "costOfRevenue": 1457000000,
    "grossProfit": 2044000000,
    "grossProfitRatio": 0.5838331905,
    "researchAndDevelopmentExpenses": 332000000,
    "generalAndAdministrativeExpenses": 0,
    "sellingAndMarketingExpenses": 0,
    "sellingGeneralAndAdministrativeExpenses": 463000000,
    "otherExpenses": 3000000,
    "operatingExpenses": 795000000,
    "costAndExpenses": 2252000000,
    "interestIncome": 0,
    "interestExpense": 23000000,
    "depreciationAndAmortization": 308000000,
    "ebitda": 1486000000,
    "ebitdaratio": 0.4455869751,
    "operatingIncome": 1175000000,
    "operatingIncomeRatio": 0.3356183947,
    "totalOtherIncomeExpensesNet": -20000000,
    "incomeBeforeTax": 1155000000,
    "incomeBeforeTaxRatio": 0.3299057412,
    "incomeTaxExpense": 329000000,
    "netIncome": 826000000,
    "netIncomeRatio": 0.2359325907,
    "eps": 0.77,
    "epsdiluted": 0.76,
    "weightedAverageShsOut": 1060000000,
    "weightedAverageShsOutDil": 1074000000,
    "link": "https://www.sec.gov/Archives/edgar/data/97476/000009747614000034/0000097476-14-000034-index.htm",
    "finalLink": "https://www.sec.gov/Archives/edgar/data/97476/000009747614000034/txn-2014930x10xq.htm"
  },
  {
    "date": "2014-06-30",
    "symbol": "TXN",
    "reportedCurrency": "USD",
    "cik": "0000097476",
    "fillingDate": "2014-07-31",
    "acceptedDate": "2014-07-31 11:54:07",
    "calendarYear": "2014",
    "period": "Q2",
    "revenue": 3292000000,
    "costOfRevenue": 1411000000,
    "grossProfit": 1881000000,
    "grossProfitRatio": 0.5713851762,
    "researchAndDevelopmentExpenses": 349000000,
    "generalAndAdministrativeExpenses": 0,
    "sellingAndMarketingExpenses": 0,
    "sellingGeneralAndAdministrativeExpenses": 472000000,
    "otherExpenses": 3000000,
    "operatingExpenses": 821000000,
    "costAndExpenses": 2232000000,
    "interestIncome": 0,
    "interestExpense": 24000000,
    "depreciationAndAmortization": 307000000,
    "ebitda": 1292000000,
    "ebitdaratio": 0.4161603888,
    "operatingIncome": 982000000,
    "operatingIncomeRatio": 0.2982989064,
    "totalOtherIncomeExpensesNet": -21000000,
    "incomeBeforeTax": 961000000,
    "incomeBeforeTaxRatio": 0.2919198056,
    "incomeTaxExpense": 278000000,
    "netIncome": 683000000,
    "netIncomeRatio": 0.207472661,
    "eps": 0.63,
    "epsdiluted": 0.62,
    "weightedAverageShsOut": 1071000000,
    "weightedAverageShsOutDil": 1086000000,
    "link": "https://www.sec.gov/Archives/edgar/data/97476/000009747614000027/0000097476-14-000027-index.htm",
    "finalLink": "https://www.sec.gov/Archives/edgar/data/97476/000009747614000027/txn-2014630x10q.htm"
  },
  {
    "date": "2014-03-31",
    "symbol": "TXN",
    "reportedCurrency": "USD",
    "cik": "0000097476",
    "fillingDate": "2014-05-02",
    "acceptedDate": "2014-05-02 11:27:34",
    "calendarYear": "2014",
    "period": "Q1",
    "revenue": 2983000000,
    "costOfRevenue": 1376000000,
    "grossProfit": 1607000000,
    "grossProfitRatio": 0.53871941,
    "researchAndDevelopmentExpenses": 366000000,
    "generalAndAdministrativeExpenses": 0,
    "sellingAndMarketingExpenses": 0,
    "sellingGeneralAndAdministrativeExpenses": 479000000,
    "otherExpenses": 6000000,
    "operatingExpenses": 845000000,
    "costAndExpenses": 2221000000,
    "interestIncome": 0,
    "interestExpense": 25000000,
    "depreciationAndAmortization": 310000000,
    "ebitda": 1006000000,
    "ebitdaratio": 0.3613811599,
    "operatingIncome": 690000000,
    "operatingIncomeRatio": 0.231310761,
    "totalOtherIncomeExpensesNet": -19000000,
    "incomeBeforeTax": 671000000,
    "incomeBeforeTaxRatio": 0.2249413342,
    "incomeTaxExpense": 184000000,
    "netIncome": 487000000,
    "netIncomeRatio": 0.1632584646,
    "eps": 0.44,
    "epsdiluted": 0.44,
    "weightedAverageShsOut": 1081000000,
    "weightedAverageShsOutDil": 1096000000,
    "link": "https://www.sec.gov/Archives/edgar/data/97476/000009747614000018/0000097476-14-000018-index.htm",
    "finalLink": "https://www.sec.gov/Archives/edgar/data/97476/000009747614000018/txn-2014331x10q.htm"
  },
  {
    "date": "2013-12-31",
    "symbol": "TXN",
    "reportedCurrency": "USD",
    "cik": "0000097476",
    "fillingDate": "2014-02-24",
    "acceptedDate": "2014-02-24 11:05:47",
    "calendarYear": "2013",
    "period": "Q4",
    "revenue": 3028000000,
    "costOfRevenue": 1388000000,
    "grossProfit": 1640000000,
    "grossProfitRatio": 0.5416116248,
    "researchAndDevelopmentExpenses": 346000000,
    "generalAndAdministrativeExpenses": 0,
    "sellingAndMarketingExpenses": 0,
    "sellingGeneralAndAdministrativeExpenses": 461000000,
    "otherExpenses": 19000000,
    "operatingExpenses": 807000000,
    "costAndExpenses": 2195000000,
    "interestIncome": 0,
    "interestExpense": 24000000,
    "depreciationAndAmortization": 295000000,
    "ebitda": 1084000000,
    "ebitdaratio": 0.3787978864,
    "operatingIncome": 687000000,
    "operatingIncomeRatio": 0.2268824306,
    "totalOtherIncomeExpensesNet": -72000000,
    "incomeBeforeTax": 682000000,
    "incomeBeforeTaxRatio": 0.2252311757,
    "incomeTaxExpense": 171000000,
    "netIncome": 511000000,
    "netIncomeRatio": 0.1687582563,
    "eps": 0.46,
    "epsdiluted": 0.46,
    "weightedAverageShsOut": 1086000000,
    "weightedAverageShsOutDil": 1102000000,
    "link": "https://www.sec.gov/Archives/edgar/data/97476/000009747614000007/0000097476-14-000007-index.htm",
    "finalLink": "https://www.sec.gov/Archives/edgar/data/97476/000009747614000007/txn-12312013x10xk.htm"
  },
  {
    "date": "2013-09-30",
    "symbol": "TXN",
    "reportedCurrency": "USD",
    "cik": "0000097476",
    "fillingDate": "2013-11-01",
    "acceptedDate": "2013-11-01 11:22:09",
    "calendarYear": "2013",
    "period": "Q3",
    "revenue": 3244000000,
    "costOfRevenue": 1465000000,
    "grossProfit": 1779000000,
    "grossProfitRatio": 0.5483970407,
    "researchAndDevelopmentExpenses": 368000000,
    "generalAndAdministrativeExpenses": 0,
    "sellingAndMarketingExpenses": 0,
    "sellingGeneralAndAdministrativeExpenses": 465000000,
    "otherExpenses": -4000000,
    "operatingExpenses": 833000000,
    "costAndExpenses": 2298000000,
    "interestIncome": 0,
    "interestExpense": 24000000,
    "depreciationAndAmortization": 300000000,
    "ebitda": 1158000000,
    "ebitdaratio": 0.3828606658,
    "operatingIncome": 844000000,
    "operatingIncomeRatio": 0.2601726264,
    "totalOtherIncomeExpensesNet": -28000000,
    "incomeBeforeTax": 816000000,
    "incomeBeforeTaxRatio": 0.251541307,
    "incomeTaxExpense": 187000000,
    "netIncome": 629000000,
    "netIncomeRatio": 0.1938964242,
    "eps": 0.56,
    "epsdiluted": 0.56,
    "weightedAverageShsOut": 1096000000,
    "weightedAverageShsOutDil": 1111000000,
    "link": "https://www.sec.gov/Archives/edgar/data/97476/000009747613000056/0000097476-13-000056-index.htm",
    "finalLink": "https://www.sec.gov/Archives/edgar/data/97476/000009747613000056/txn-2013930x10q.htm"
  },
  {
    "date": "2013-06-30",
    "symbol": "TXN",
    "reportedCurrency": "USD",
    "cik": "0000097476",
    "fillingDate": "2013-08-02",
    "acceptedDate": "2013-08-02 10:58:35",
    "calendarYear": "2013",
    "period": "Q2",
    "revenue": 3047000000,
    "costOfRevenue": 1477000000,
    "grossProfit": 1570000000,
    "grossProfitRatio": 0.5152609124,
    "researchAndDevelopmentExpenses": 389000000,
    "generalAndAdministrativeExpenses": 0,
    "sellingAndMarketingExpenses": 0,
    "sellingGeneralAndAdministrativeExpenses": 471000000,
    "otherExpenses": 0,
    "operatingExpenses": 860000000,
    "costAndExpenses": 2337000000,
    "interestIncome": 0,
    "interestExpense": 24000000,
    "depreciationAndAmortization": 306000000,
    "ebitda": 906000000,
    "ebitdaratio": 0.3334427306,
    "operatingIncome": 906000000,
    "operatingIncomeRatio": 0.2973416475,
    "totalOtherIncomeExpensesNet": -24000000,
    "incomeBeforeTax": 882000000,
    "incomeBeforeTaxRatio": 0.2894650476,
    "incomeTaxExpense": 222000000,
    "netIncome": 660000000,
    "netIncomeRatio": 0.2166064982,
    "eps": 0.59,
    "epsdiluted": 0.58,
    "weightedAverageShsOut": 1103000000,
    "weightedAverageShsOutDil": 1117000000,
    "link": "https://www.sec.gov/Archives/edgar/data/97476/000009747613000044/0000097476-13-000044-index.htm",
    "finalLink": "https://www.sec.gov/Archives/edgar/data/97476/000009747613000044/txn-2013630x10q.htm"
  },
  {
    "date": "2013-03-31",
    "symbol": "TXN",
    "reportedCurrency": "USD",
    "cik": "0000097476",
    "fillingDate": "2013-05-03",
    "acceptedDate": "2013-05-03 09:27:09",
    "calendarYear": "2013",
    "period": "Q1",
    "revenue": 2885000000,
    "costOfRevenue": 1511000000,
    "grossProfit": 1374000000,
    "grossProfitRatio": 0.4762564991,
    "researchAndDevelopmentExpenses": 419000000,
    "generalAndAdministrativeExpenses": 0,
    "sellingAndMarketingExpenses": 0,
    "sellingGeneralAndAdministrativeExpenses": 459000000,
    "otherExpenses": 2000000,
    "operatingExpenses": 878000000,
    "costAndExpenses": 2389000000,
    "interestIncome": 0,
    "interestExpense": 23000000,
    "depreciationAndAmortization": 313000000,
    "ebitda": 742000000,
    "ebitdaratio": 0.2811091854,
    "operatingIncome": 395000000,
    "operatingIncomeRatio": 0.136915078,
    "totalOtherIncomeExpensesNet": -21000000,
    "incomeBeforeTax": 374000000,
    "incomeBeforeTaxRatio": 0.1296360485,
    "incomeTaxExpense": 12000000,
    "netIncome": 362000000,
    "netIncomeRatio": 0.1254766031,
    "eps": 0.32,
    "epsdiluted": 0.32,
    "weightedAverageShsOut": 1107000000,
    "weightedAverageShsOutDil": 1123000000,
    "link": "https://www.sec.gov/Archives/edgar/data/97476/000009747613000028/0000097476-13-000028-index.htm",
    "finalLink": "https://www.sec.gov/Archives/edgar/data/97476/000009747613000028/txn-2013331x10q.htm"
  },
  {
    "date": "2012-12-31",
    "symbol": "TXN",
    "reportedCurrency": "USD",
    "cik": "0000097476",
    "fillingDate": "2013-02-22",
    "acceptedDate": "2013-02-22 11:49:48",
    "calendarYear": "2012",
    "period": "Q4",
    "revenue": 2979000000,
    "costOfRevenue": 1534000000,
    "grossProfit": 1445000000,
    "grossProfitRatio": 0.4850621014,
    "researchAndDevelopmentExpenses": 425000000,
    "generalAndAdministrativeExpenses": 0,
    "sellingAndMarketingExpenses": 0,
    "sellingGeneralAndAdministrativeExpenses": 430000000,
    "otherExpenses": 39000000,
    "operatingExpenses": 855000000,
    "costAndExpenses": 2389000000,
    "interestIncome": 15000000,
    "interestExpense": 23000000,
    "depreciationAndAmortization": 317000000,
    "ebitda": 495000000,
    "ebitdaratio": 0.3175562269,
    "operatingIncome": 139000000,
    "operatingIncomeRatio": 0.046659953,
    "totalOtherIncomeExpensesNet": -353000000,
    "incomeBeforeTax": 155000000,
    "incomeBeforeTaxRatio": 0.0520308828,
    "incomeTaxExpense": -109000000,
    "netIncome": 264000000,
    "netIncomeRatio": 0.0886203424,
    "eps": 0.23,
    "epsdiluted": 0.23,
    "weightedAverageShsOut": 1113000000,
    "weightedAverageShsOutDil": 1124000000,
    "link": "https://www.sec.gov/Archives/edgar/data/97476/000009747613000009/0000097476-13-000009-index.htm",
    "finalLink": "https://www.sec.gov/Archives/edgar/data/97476/000009747613000009/txn-12312012x10xk.htm"
  },
  {
    "date": "2012-09-30",
    "symbol": "TXN",
    "reportedCurrency": "USD",
    "cik": "0000097476",
    "fillingDate": "2012-11-02",
    "acceptedDate": "2012-11-02 13:03:30",
    "calendarYear": "2012",
    "period": "Q3",
    "revenue": 3390000000,
    "costOfRevenue": 1650000000,
    "grossProfit": 1740000000,
    "grossProfitRatio": 0.5132743363,
    "researchAndDevelopmentExpenses": 463000000,
    "generalAndAdministrativeExpenses": 0,
    "sellingAndMarketingExpenses": 0,
    "sellingGeneralAndAdministrativeExpenses": 453000000,
    "otherExpenses": 0,
    "operatingExpenses": 916000000,
    "costAndExpenses": 2566000000,
    "interestIncome": 0,
    "interestExpense": 21000000,
    "depreciationAndAmortization": 327000000,
    "ebitda": 1191000000,
    "ebitdaratio": 0.2430678466,
    "operatingIncome": 840000000,
    "operatingIncomeRatio": 0.2477876106,
    "totalOtherIncomeExpensesNet": 3000000,
    "incomeBeforeTax": 843000000,
    "incomeBeforeTaxRatio": 0.2486725664,
    "incomeTaxExpense": 59000000,
    "netIncome": 784000000,
    "netIncomeRatio": 0.2312684366,
    "eps": 0.68,
    "epsdiluted": 0.67,
    "weightedAverageShsOut": 1130000000,
    "weightedAverageShsOutDil": 1141000000,
    "link": "https://www.sec.gov/Archives/edgar/data/97476/000009747612000056/0000097476-12-000056-index.htm",
    "finalLink": "https://www.sec.gov/Archives/edgar/data/97476/000009747612000056/txn-2012930x10q.htm"
  },
  {
    "date": "2012-06-30",
    "symbol": "TXN",
    "reportedCurrency": "USD",
    "cik": "0000097476",
    "fillingDate": "2012-08-03",
    "acceptedDate": "2012-08-03 11:54:45",
    "calendarYear": "2012",
    "period": "Q2",
    "revenue": 3335000000,
    "costOfRevenue": 1684000000,
    "grossProfit": 1651000000,
    "grossProfitRatio": 0.4950524738,
    "researchAndDevelopmentExpenses": 480000000,
    "generalAndAdministrativeExpenses": 0,
    "sellingAndMarketingExpenses": 0,
    "sellingGeneralAndAdministrativeExpenses": 456000000,
    "otherExpenses": 0,
    "operatingExpenses": 936000000,
    "costAndExpenses": 2620000000,
    "interestIncome": 0,
    "interestExpense": 20000000,
    "depreciationAndAmortization": 327000000,
    "ebitda": 922000000,
    "ebitdaratio": 0.3124437781,
    "operatingIncome": 598000000,
    "operatingIncomeRatio": 0.1793103448,
    "totalOtherIncomeExpensesNet": -22000000,
    "incomeBeforeTax": 576000000,
    "incomeBeforeTaxRatio": 0.1727136432,
    "incomeTaxExpense": 130000000,
    "netIncome": 446000000,
    "netIncomeRatio": 0.1337331334,
    "eps": 0.38,
    "epsdiluted": 0.38,
    "weightedAverageShsOut": 1140000000,
    "weightedAverageShsOutDil": 1154000000,
    "link": "https://www.sec.gov/Archives/edgar/data/97476/000009747612000042/0000097476-12-000042-index.htm",
    "finalLink": "https://www.sec.gov/Archives/edgar/data/97476/000009747612000042/txn-2012630x10q.htm"
  },
  {
    "date": "2012-03-31",
    "symbol": "TXN",
    "reportedCurrency": "USD",
    "cik": "0000097476",
    "fillingDate": "2012-05-04",
    "acceptedDate": "2012-05-04 12:35:07",
    "calendarYear": "2012",
    "period": "Q1",
    "revenue": 3121000000,
    "costOfRevenue": 1590000000,
    "grossProfit": 1531000000,
    "grossProfitRatio": 0.4905479013,
    "researchAndDevelopmentExpenses": 509000000,
    "generalAndAdministrativeExpenses": 0,
    "sellingAndMarketingExpenses": 0,
    "sellingGeneralAndAdministrativeExpenses": 462000000,
    "otherExpenses": 0,
    "operatingExpenses": 971000000,
    "costAndExpenses": 2561000000,
    "interestIncome": 0,
    "interestExpense": 21000000,
    "depreciationAndAmortization": 329000000,
    "ebitda": 712000000,
    "ebitdaratio": 0.2848446011,
    "operatingIncome": 397000000,
    "operatingIncomeRatio": 0.1272028196,
    "totalOtherIncomeExpensesNet": -35000000,
    "incomeBeforeTax": 362000000,
    "incomeBeforeTaxRatio": 0.1159884652,
    "incomeTaxExpense": 97000000,
    "netIncome": 265000000,
    "netIncomeRatio": 0.0849086831,
    "eps": 0.23,
    "epsdiluted": 0.22,
    "weightedAverageShsOut": 1143000000,
    "weightedAverageShsOutDil": 1165000000,
    "link": "https://www.sec.gov/Archives/edgar/data/97476/000009747612000027/0000097476-12-000027-index.htm",
    "finalLink": "https://www.sec.gov/Archives/edgar/data/97476/000009747612000027/txn-2012331x10q.htm"
  },
  {
    "date": "2011-12-31",
    "symbol": "TXN",
    "reportedCurrency": "USD",
    "cik": "0000097476",
    "fillingDate": "2012-02-24",
    "acceptedDate": "2012-02-24 12:13:07",
    "calendarYear": "2011",
    "period": "Q4",
    "revenue": 3420000000,
    "costOfRevenue": 1872000000,
    "grossProfit": 1548000000,
    "grossProfitRatio": 0.4526315789,
    "researchAndDevelopmentExpenses": 474000000,
    "generalAndAdministrativeExpenses": 0,
    "sellingAndMarketingExpenses": 0,
    "sellingGeneralAndAdministrativeExpenses": 444000000,
    "otherExpenses": 0,
    "operatingExpenses": 918000000,
    "costAndExpenses": 2790000000,
    "interestIncome": 11000000,
    "interestExpense": 21000000,
    "depreciationAndAmortization": 332000000,
    "ebitda": 701000000,
    "ebitdaratio": 0.284502924,
    "operatingIncome": 365000000,
    "operatingIncomeRatio": 0.1067251462,
    "totalOtherIncomeExpensesNet": -17000000,
    "incomeBeforeTax": 348000000,
    "incomeBeforeTaxRatio": 0.101754386,
    "incomeTaxExpense": 50000000,
    "netIncome": 298000000,
    "netIncomeRatio": 0.0871345029,
    "eps": 0.26,
    "epsdiluted": 0.26,
    "weightedAverageShsOut": 1136000000,
    "weightedAverageShsOutDil": 1153000000,
    "link": "https://www.sec.gov/Archives/edgar/data/97476/000009747612000010/0000097476-12-000010-index.htm",
    "finalLink": "https://www.sec.gov/Archives/edgar/data/97476/000009747612000010/txn-12312011x10xk.htm"
  },
  {
    "date": "2011-09-30",
    "symbol": "TXN",
    "reportedCurrency": "USD",
    "cik": "0000097476",
    "fillingDate": "2011-11-04",
    "acceptedDate": "2011-11-04 13:18:14",
    "calendarYear": "2011",
    "period": "Q3",
    "revenue": 3466000000,
    "costOfRevenue": 1722000000,
    "grossProfit": 1744000000,
    "grossProfitRatio": 0.5031736872,
    "researchAndDevelopmentExpenses": 395000000,
    "generalAndAdministrativeExpenses": 0,
    "sellingAndMarketingExpenses": 0,
    "sellingGeneralAndAdministrativeExpenses": 388000000,
    "otherExpenses": 0,
    "operatingExpenses": 783000000,
    "costAndExpenses": 2505000000,
    "interestIncome": 0,
    "interestExpense": 15000000,
    "depreciationAndAmortization": 226000000,
    "ebitda": 1021000000,
    "ebitdaratio": 0.2772648586,
    "operatingIncome": 814000000,
    "operatingIncomeRatio": 0.2348528563,
    "totalOtherIncomeExpensesNet": -34000000,
    "incomeBeforeTax": 780000000,
    "incomeBeforeTaxRatio": 0.2250432776,
    "incomeTaxExpense": 179000000,
    "netIncome": 601000000,
    "netIncomeRatio": 0.1733987305,
    "eps": 0.52,
    "epsdiluted": 0.51,
    "weightedAverageShsOut": 1144000000,
    "weightedAverageShsOutDil": 1157000000,
    "link": "https://www.sec.gov/Archives/edgar/data/97476/000009747611000055/0000097476-11-000055-index.htm",
    "finalLink": "https://www.sec.gov/Archives/edgar/data/97476/000009747611000055/txn-2011930x10q.htm"
  },
  {
    "date": "2011-06-30",
    "symbol": "TXN",
    "reportedCurrency": "USD",
    "cik": "0000097476",
    "fillingDate": "2011-08-05",
    "acceptedDate": "2011-08-05 12:59:03",
    "calendarYear": "2011",
    "period": "Q2",
    "revenue": 3458000000,
    "costOfRevenue": 1705000000,
    "grossProfit": 1753000000,
    "grossProfitRatio": 0.506940428,
    "researchAndDevelopmentExpenses": 424000000,
    "generalAndAdministrativeExpenses": 0,
    "sellingAndMarketingExpenses": 0,
    "sellingGeneralAndAdministrativeExpenses": 411000000,
    "otherExpenses": 0,
    "operatingExpenses": 835000000,
    "costAndExpenses": 2540000000,
    "interestIncome": 0,
    "interestExpense": 6000000,
    "depreciationAndAmortization": 226000000,
    "ebitda": 1141000000,
    "ebitdaratio": 0.2654713707,
    "operatingIncome": 905000000,
    "operatingIncomeRatio": 0.2617119722,
    "totalOtherIncomeExpensesNet": 4000000,
    "incomeBeforeTax": 909000000,
    "incomeBeforeTaxRatio": 0.2628687102,
    "incomeTaxExpense": 237000000,
    "netIncome": 672000000,
    "netIncomeRatio": 0.1943319838,
    "eps": 0.57,
    "epsdiluted": 0.56,
    "weightedAverageShsOut": 1156000000,
    "weightedAverageShsOutDil": 1180000000,
    "link": "https://www.sec.gov/Archives/edgar/data/97476/000009747611000030/0000097476-11-000030-index.htm",
    "finalLink": "https://www.sec.gov/Archives/edgar/data/97476/000009747611000030/txn-2011630x10q.htm"
  },
  {
    "date": "2011-03-31",
    "symbol": "TXN",
    "reportedCurrency": "USD",
    "cik": "0000097476",
    "fillingDate": "2011-05-05",
    "acceptedDate": "2011-05-05 12:58:58",
    "calendarYear": "2011",
    "period": "Q1",
    "revenue": 3392000000,
    "costOfRevenue": 1664000000,
    "grossProfit": 1728000000,
    "grossProfitRatio": 0.5094339623,
    "researchAndDevelopmentExpenses": 422000000,
    "generalAndAdministrativeExpenses": 0,
    "sellingAndMarketingExpenses": 0,
    "sellingGeneralAndAdministrativeExpenses": 396000000,
    "otherExpenses": 2000000,
    "operatingExpenses": 818000000,
    "costAndExpenses": 2482000000,
    "interestIncome": 0,
    "interestExpense": 0,
    "depreciationAndAmortization": 231000000,
    "ebitda": 1149000000,
    "ebitdaratio": 0.3340212264,
    "operatingIncome": 908000000,
    "operatingIncomeRatio": 0.2676886792,
    "totalOtherIncomeExpensesNet": 10000000,
    "incomeBeforeTax": 918000000,
    "incomeBeforeTaxRatio": 0.2706367925,
    "incomeTaxExpense": 252000000,
    "netIncome": 666000000,
    "netIncomeRatio": 0.1963443396,
    "eps": 0.56,
    "epsdiluted": 0.55,
    "weightedAverageShsOut": 1167000000,
    "weightedAverageShsOutDil": 1194000000,
    "link": "https://www.sec.gov/Archives/edgar/data/97476/000114036111025120/0001140361-11-025120-index.htm",
    "finalLink": "https://www.sec.gov/Archives/edgar/data/97476/000114036111025120/form10q.htm"
  },
  {
    "date": "2010-12-31",
    "symbol": "TXN",
    "reportedCurrency": "USD",
    "cik": "0000097476",
    "fillingDate": "2011-02-25",
    "acceptedDate": "2011-02-25 17:10:14",
    "calendarYear": "2010",
    "period": "Q4",
    "revenue": 3525000000,
    "costOfRevenue": 1655000000,
    "grossProfit": 1870000000,
    "grossProfitRatio": 0.5304964539,
    "researchAndDevelopmentExpenses": 392000000,
    "generalAndAdministrativeExpenses": 0,
    "sellingAndMarketingExpenses": 0,
    "sellingGeneralAndAdministrativeExpenses": 390000000,
    "otherExpenses": -144000000,
    "operatingExpenses": 638000000,
    "costAndExpenses": 2293000000,
    "interestIncome": 0,
    "interestExpense": 0,
    "depreciationAndAmortization": 238000000,
    "ebitda": 1467000000,
    "ebitdaratio": 0.4161702128,
    "operatingIncome": 1230000000,
    "operatingIncomeRatio": 0.3489361702,
    "totalOtherIncomeExpensesNet": 18000000,
    "incomeBeforeTax": 1248000000,
    "incomeBeforeTaxRatio": 0.3540425532,
    "incomeTaxExpense": 306000000,
    "netIncome": 942000000,
    "netIncomeRatio": 0.2672340426,
    "eps": 0.79,
    "epsdiluted": 0.77,
    "weightedAverageShsOut": 1172000000,
    "weightedAverageShsOutDil": 1189000000,
    "link": "https://www.sec.gov/Archives/edgar/data/97476/000114036111012312/0001140361-11-012312-index.htm",
    "finalLink": "https://www.sec.gov/Archives/edgar/data/97476/000114036111012312/form10-k.htm"
  },
  {
    "date": "2010-09-30",
    "symbol": "TXN",
    "reportedCurrency": "USD",
    "cik": "0000097476",
    "fillingDate": "2010-11-04",
    "acceptedDate": "2010-11-04 13:17:35",
    "calendarYear": "2010",
    "period": "Q3",
    "revenue": 3740000000,
    "costOfRevenue": 1701000000,
    "grossProfit": 2039000000,
    "grossProfitRatio": 0.5451871658,
    "researchAndDevelopmentExpenses": 417000000,
    "generalAndAdministrativeExpenses": 0,
    "sellingAndMarketingExpenses": 0,
    "sellingGeneralAndAdministrativeExpenses": 391000000,
    "otherExpenses": 0,
    "operatingExpenses": 808000000,
    "costAndExpenses": 2509000000,
    "interestIncome": 0,
    "interestExpense": 0,
    "depreciationAndAmortization": 224000000,
    "ebitda": 1459000000,
    "ebitdaratio": 0.3280748663,
    "operatingIncome": 1227000000,
    "operatingIncomeRatio": 0.3280748663,
    "totalOtherIncomeExpensesNet": 8000000,
    "incomeBeforeTax": 1235000000,
    "incomeBeforeTaxRatio": 0.3302139037,
    "incomeTaxExpense": 376000000,
    "netIncome": 859000000,
    "netIncomeRatio": 0.2296791444,
    "eps": 0.71,
    "epsdiluted": 0.71,
    "weightedAverageShsOut": 1184000000,
    "weightedAverageShsOutDil": 1196000000,
    "link": "https://www.sec.gov/Archives/edgar/data/97476/000114036110043558/0001140361-10-043558-index.htm",
    "finalLink": "https://www.sec.gov/Archives/edgar/data/97476/000114036110043558/form10q.htm"
  },
  {
    "date": "2010-06-30",
    "symbol": "TXN",
    "reportedCurrency": "USD",
    "cik": "0000097476",
    "fillingDate": "2010-07-22",
    "acceptedDate": "2010-07-21 17:58:03",
    "calendarYear": "2010",
    "period": "Q2",
    "revenue": 3496000000,
    "costOfRevenue": 1602000000,
    "grossProfit": 1894000000,
    "grossProfitRatio": 0.5417620137,
    "researchAndDevelopmentExpenses": 392000000,
    "generalAndAdministrativeExpenses": 0,
    "sellingAndMarketingExpenses": 0,
    "sellingGeneralAndAdministrativeExpenses": 378000000,
    "otherExpenses": 0,
    "operatingExpenses": 770000000,
    "costAndExpenses": 2372000000,
    "interestIncome": 0,
    "interestExpense": 0,
    "depreciationAndAmortization": 228000000,
    "ebitda": 1338000000,
    "ebitdaratio": 0.3904462243,
    "operatingIncome": 1107000000,
    "operatingIncomeRatio": 0.3166475973,
    "totalOtherIncomeExpensesNet": 4000000,
    "incomeBeforeTax": 1111000000,
    "incomeBeforeTaxRatio": 0.317791762,
    "incomeTaxExpense": 342000000,
    "netIncome": 769000000,
    "netIncomeRatio": 0.2199656751,
    "eps": 0.63,
    "epsdiluted": 0.62,
    "weightedAverageShsOut": 1208000000,
    "weightedAverageShsOutDil": 1221000000,
    "link": "https://www.sec.gov/Archives/edgar/data/97476/000114036110029928/0001140361-10-029928-index.htm",
    "finalLink": "https://www.sec.gov/Archives/edgar/data/97476/000114036110029928/form10q.htm"
  },
  {
    "date": "2010-03-31",
    "symbol": "TXN",
    "reportedCurrency": "USD",
    "cik": "0000097476",
    "fillingDate": "2010-04-30",
    "acceptedDate": "2010-04-30 15:44:08",
    "calendarYear": "2010",
    "period": "Q1",
    "revenue": 3205000000,
    "costOfRevenue": 1516000000,
    "grossProfit": 1689000000,
    "grossProfitRatio": 0.5269890796,
    "researchAndDevelopmentExpenses": 370000000,
    "generalAndAdministrativeExpenses": 0,
    "sellingAndMarketingExpenses": 0,
    "sellingGeneralAndAdministrativeExpenses": 359000000,
    "otherExpenses": 0,
    "operatingExpenses": 729000000,
    "costAndExpenses": 2245000000,
    "interestIncome": 0,
    "interestExpense": 0,
    "depreciationAndAmortization": 224000000,
    "ebitda": 1184000000,
    "ebitdaratio": 0.3703588144,
    "operatingIncome": 950000000,
    "operatingIncomeRatio": 0.2964118565,
    "totalOtherIncomeExpensesNet": 7000000,
    "incomeBeforeTax": 957000000,
    "incomeBeforeTaxRatio": 0.2985959438,
    "incomeTaxExpense": 299000000,
    "netIncome": 658000000,
    "netIncomeRatio": 0.2053042122,
    "eps": 0.53,
    "epsdiluted": 0.52,
    "weightedAverageShsOut": 1233000000,
    "weightedAverageShsOutDil": 1246000000,
    "link": "https://www.sec.gov/Archives/edgar/data/97476/000114036110018271/0001140361-10-018271-index.htm",
    "finalLink": "https://www.sec.gov/Archives/edgar/data/97476/000114036110018271/form10-q.htm"
  },
  {
    "date": "2009-12-31",
    "symbol": "TXN",
    "reportedCurrency": "USD",
    "cik": "0000097476",
    "fillingDate": "2010-02-23",
    "acceptedDate": "2010-02-23 14:25:33",
    "calendarYear": "2009",
    "period": "Q4",
    "revenue": 3005000000,
    "costOfRevenue": 1416000000,
    "grossProfit": 1589000000,
    "grossProfitRatio": 0.5287853577,
    "researchAndDevelopmentExpenses": 354000000,
    "generalAndAdministrativeExpenses": 0,
    "sellingAndMarketingExpenses": 0,
    "sellingGeneralAndAdministrativeExpenses": 348000000,
    "otherExpenses": 0,
    "operatingExpenses": 702000000,
    "costAndExpenses": 2118000000,
    "interestIncome": 0,
    "interestExpense": 0,
    "depreciationAndAmortization": 223000000,
    "ebitda": 1110000000,
    "ebitdaratio": 0.3800332779,
    "operatingIncome": 875000000,
    "operatingIncomeRatio": 0.2911813644,
    "totalOtherIncomeExpensesNet": 6000000,
    "incomeBeforeTax": 881000000,
    "incomeBeforeTaxRatio": 0.2931780366,
    "incomeTaxExpense": 226000000,
    "netIncome": 655000000,
    "netIncomeRatio": 0.2179700499,
    "eps": 0.52,
    "epsdiluted": 0.52,
    "weightedAverageShsOut": 1242000000,
    "weightedAverageShsOutDil": 1260000000,
    "link": "https://www.sec.gov/Archives/edgar/data/97476/000114036110007923/0001140361-10-007923-index.htm",
    "finalLink": "https://www.sec.gov/Archives/edgar/data/97476/000114036110007923/form10k.htm"
  }
]