[
  {
    "date": "2024-07-28",
    "symbol": "NVDA",
    "reportedCurrency": "USD",
    "cik": "0001045810",
    "fillingDate": "2024-08-28",
    "acceptedDate": "2024-08-28 17:05:08",
    "calendarYear": "2025",
    "period": "Q2",
    "revenue": 30040000000,
    "costOfRevenue": 7466000000,
    "grossProfit": 22574000000,
    "grossProfitRatio": 0.7514647137,
    "researchAndDevelopmentExpenses": 3090000000,
    "generalAndAdministrativeExpenses": 0,
    "sellingAndMarketingExpenses": 0,
    "sellingGeneralAndAdministrativeExpenses": 842000000,
    "otherExpenses": 0,
    "operatingExpenses": 3932000000,
    "costAndExpenses": 11398000000,
    "interestIncome": 444000000,
    "interestExpense": 61000000,
    "depreciationAndAmortization": 433000000,
    "ebitda": 19708000000,
    "ebitdaratio": 0.6560585885,
    "operatingIncome": 18642000000,
    "operatingIncomeRatio": 0.6205725699,
    "totalOtherIncomeExpensesNet": 572000000,
    "incomeBeforeTax": 19214000000,
    "incomeBeforeTaxRatio": 0.6396138482,
    "incomeTaxExpense": 2615000000,
    "netIncome": 16599000000,
    "netIncomeRatio": 0.552563249,
    "eps": 0.68,
    "epsdiluted": 0.67,
    "weightedAverageShsOut": 24578000000,
    "weightedAverageShsOutDil": 24848000000,
    "link": "https://www.sec.gov/Archives/edgar/data/1045810/000104581024000264/0001045810-24-000264-index.htm",
    "finalLink": "https://www.sec.gov/Archives/edgar/data/1045810/000104581024000264/nvda-20240728.htm"
  },
  {
    "date": "2024-04-28",
    "symbol": "NVDA",
    "reportedCurrency": "USD",
    "cik": "0001045810",
    "fillingDate": "2024-05-29",
    "acceptedDate": "2024-05-29 16:36:32",
    "calendarYear": "2025",
    "period": "Q1",
    "revenue": 26044000000,
    "costOfRevenue": 5638000000,
    "grossProfit": 20406000000,
    "grossProfitRatio": 0.7835201966,
    "researchAndDevelopmentExpenses": 2720000000,
    "generalAndAdministrativeExpenses": 0,
    "sellingAndMarketingExpenses": 0,
    "sellingGeneralAndAdministrativeExpenses": 777000000,
    "otherExpenses": 75000000,
    "operatingExpenses": 3497000000,
    "costAndExpenses": 9135000000,
    "interestIncome": 359000000,
    "interestExpense": 64000000,
    "depreciationAndAmortization": 410000000,
    "ebitda": 17753000000,
    "ebitdaratio": 0.6816541238,
    "operatingIncome": 16909000000,
    "operatingIncomeRatio": 0.6492474274,
    "totalOtherIncomeExpensesNet": 75000000,
    "incomeBeforeTax": 17279000000,
    "incomeBeforeTaxRatio": 0.6634541545,
    "incomeTaxExpense": 2398000000,
    "netIncome": 14881000000,
    "netIncomeRatio": 0.5713792044,
    "eps": 0.6,
    "epsdiluted": 0.6,
    "weightedAverageShsOut": 24620000000,
    "weightedAverageShsOutDil": 24890000000,
    "link": "https://www.sec.gov/Archives/edgar/data/1045810/000104581024000124/0001045810-24-000124-index.htm",
    "finalLink": "https://www.sec.gov/Archives/edgar/data/1045810/000104581024000124/nvda-20240428.htm"
  },
  {
    "date": "2024-01-28",
    "symbol": "NVDA",
    "reportedCurrency": "USD",
    "cik": "0001045810",
    "fillingDate": "2024-02-21",
    "acceptedDate": "2024-02-21 16:36:57",
    "calendarYear": "2024",
    "period": "Q4",
    "revenue": 22103000000,
    "costOfRevenue": 5312000000,
    "grossProfit": 16791000000,
    "grossProfitRatio": 0.7596706329,
    "researchAndDevelopmentExpenses": 2465000000,
    "generalAndAdministrativeExpenses": 0,
    "sellingAndMarketingExpenses": 0,
    "sellingGeneralAndAdministrativeExpenses": 712000000,
    "otherExpenses": 261000000,
    "operatingExpenses": 3177000000,
    "costAndExpenses": 8489000000,
    "interestIncome": 294000000,
    "interestExpense": 63000000,
    "depreciationAndAmortization": 387000000,
    "ebitda": 14556000000,
    "ebitdaratio": 0.6585531376,
    "operatingIncome": 13614000000,
    "operatingIncomeRatio": 0.6159344885,
    "totalOtherIncomeExpensesNet": 261000000,
    "incomeBeforeTax": 14106000000,
    "incomeBeforeTaxRatio": 0.6381939103,
    "incomeTaxExpense": 1821000000,
    "netIncome": 12285000000,
    "netIncomeRatio": 0.555806904,
    "eps": 0.5,
    "epsdiluted": 0.49,
    "weightedAverageShsOut": 24660000000,
    "weightedAverageShsOutDil": 24900000000,
    "link": "https://www.sec.gov/Archives/edgar/data/1045810/000104581024000029/0001045810-24-000029-index.htm",
    "finalLink": "https://www.sec.gov/Archives/edgar/data/1045810/000104581024000029/nvda-20240128.htm"
  },
  {
    "date": "2023-10-29",
    "symbol": "NVDA",
    "reportedCurrency": "USD",
    "cik": "0001045810",
    "fillingDate": "2023-11-21",
    "acceptedDate": "2023-11-21 16:36:29",
    "calendarYear": "2024",
    "period": "Q3",
    "revenue": 18120000000,
    "costOfRevenue": 4720000000,
    "grossProfit": 13400000000,
    "grossProfitRatio": 0.7395143488,
    "researchAndDevelopmentExpenses": 2294000000,
    "generalAndAdministrativeExpenses": 0,
    "sellingAndMarketingExpenses": 0,
    "sellingGeneralAndAdministrativeExpenses": 689000000,
    "otherExpenses": -66000000,
    "operatingExpenses": 2983000000,
    "costAndExpenses": 7703000000,
    "interestIncome": 234000000,
    "interestExpense": 63000000,
    "depreciationAndAmortization": 372000000,
    "ebitda": 10957000000,
    "ebitdaratio": 0.6046909492,
    "operatingIncome": 10417000000,
    "operatingIncomeRatio": 0.5748896247,
    "totalOtherIncomeExpensesNet": -66000000,
    "incomeBeforeTax": 10522000000,
    "incomeBeforeTaxRatio": 0.5806843267,
    "incomeTaxExpense": 1279000000,
    "netIncome": 9243000000,
    "netIncomeRatio": 0.5100993377,
    "eps": 0.38,
    "epsdiluted": 0.37,
    "weightedAverageShsOut": 24680000000,
    "weightedAverageShsOutDil": 24940000000,
    "link": "https://www.sec.gov/Archives/edgar/data/1045810/000104581023000227/0001045810-23-000227-index.htm",
    "finalLink": "https://www.sec.gov/Archives/edgar/data/1045810/000104581023000227/nvda-20231029.htm"
  },
  {
    "date": "2023-07-30",
    "symbol": "NVDA",
    "reportedCurrency": "USD",
    "cik": "0001045810",
    "fillingDate": "2023-08-28",
    "acceptedDate": "2023-08-25 19:36:34",
    "calendarYear": "2024",
    "period": "Q2",
    "revenue": 13507000000,
    "costOfRevenue": 4045000000,
    "grossProfit": 9462000000,
    "grossProfitRatio": 0.7005256534,
    "researchAndDevelopmentExpenses": 2040000000,
    "generalAndAdministrativeExpenses": 0,
    "sellingAndMarketingExpenses": 0,
    "sellingGeneralAndAdministrativeExpenses": 622000000,
    "otherExpenses": 59000000,
    "operatingExpenses": 2662000000,
    "costAndExpenses": 6707000000,
    "interestIncome": 187000000,
    "interestExpense": 65000000,
    "depreciationAndAmortization": 365000000,
    "ebitda": 7411000000,
    "ebitdaratio": 0.548678463,
    "operatingIncome": 6800000000,
    "operatingIncomeRatio": 0.5034426594,
    "totalOtherIncomeExpensesNet": 59000000,
    "incomeBeforeTax": 6981000000,
    "incomeBeforeTaxRatio": 0.5168431184,
    "incomeTaxExpense": 793000000,
    "netIncome": 6188000000,
    "netIncomeRatio": 0.45813282,
    "eps": 0.25,
    "epsdiluted": 0.25,
    "weightedAverageShsOut": 24730000000,
    "weightedAverageShsOutDil": 24990000000,
    "link": "https://www.sec.gov/Archives/edgar/data/1045810/000104581023000175/0001045810-23-000175-index.htm",
    "finalLink": "https://www.sec.gov/Archives/edgar/data/1045810/000104581023000175/nvda-20230730.htm"
  },
  {
    "date": "2023-04-30",
    "symbol": "NVDA",
    "reportedCurrency": "USD",
    "cik": "0001045810",
    "fillingDate": "2023-05-26",
    "acceptedDate": "2023-05-26 16:17:32",
    "calendarYear": "2024",
    "period": "Q1",
    "revenue": 7192000000,
    "costOfRevenue": 2544000000,
    "grossProfit": 4648000000,
    "grossProfitRatio": 0.6462736374,
    "researchAndDevelopmentExpenses": 1875000000,
    "generalAndAdministrativeExpenses": 0,
    "sellingAndMarketingExpenses": 0,
    "sellingGeneralAndAdministrativeExpenses": 633000000,
    "otherExpenses": -15000000,
    "operatingExpenses": 2508000000,
    "costAndExpenses": 5052000000,
    "interestIncome": 150000000,
    "interestExpense": 66000000,
    "depreciationAndAmortization": 384000000,
    "ebitda": 2659000000,
    "ebitdaratio": 0.3697163515,
    "operatingIncome": 2140000000,
    "operatingIncomeRatio": 0.2975528365,
    "totalOtherIncomeExpensesNet": -15000000,
    "incomeBeforeTax": 2209000000,
    "incomeBeforeTaxRatio": 0.3071468298,
    "incomeTaxExpense": 166000000,
    "netIncome": 2043000000,
    "netIncomeRatio": 0.2840656285,
    "eps": 0.083,
    "epsdiluted": 0.082,
    "weightedAverageShsOut": 24700000000,
    "weightedAverageShsOutDil": 24900000000,
    "link": "https://www.sec.gov/Archives/edgar/data/1045810/000104581023000093/0001045810-23-000093-index.htm",
    "finalLink": "https://www.sec.gov/Archives/edgar/data/1045810/000104581023000093/nvda-20230430.htm"
  },
  {
    "date": "2023-01-29",
    "symbol": "NVDA",
    "reportedCurrency": "USD",
    "cik": "0001045810",
    "fillingDate": "2023-02-24",
    "acceptedDate": "2023-02-24 17:23:43",
    "calendarYear": "2023",
    "period": "Q4",
    "revenue": 6051000000,
    "costOfRevenue": 2218000000,
    "grossProfit": 3833000000,
    "grossProfitRatio": 0.6334490167,
    "researchAndDevelopmentExpenses": 1952000000,
    "generalAndAdministrativeExpenses": 0,
    "sellingAndMarketingExpenses": 0,
    "sellingGeneralAndAdministrativeExpenses": 625000000,
    "otherExpenses": -19000000,
    "operatingExpenses": 2577000000,
    "costAndExpenses": 4795000000,
    "interestIncome": 115000000,
    "interestExpense": 64000000,
    "depreciationAndAmortization": 426000000,
    "ebitda": 1778000000,
    "ebitdaratio": 0.2938357296,
    "operatingIncome": 1256000000,
    "operatingIncomeRatio": 0.2075689969,
    "totalOtherIncomeExpensesNet": -19000000,
    "incomeBeforeTax": 1288000000,
    "incomeBeforeTaxRatio": 0.2128573789,
    "incomeTaxExpense": -126000000,
    "netIncome": 1414000000,
    "netIncomeRatio": 0.2336803834,
    "eps": 0.057,
    "epsdiluted": 0.057,
    "weightedAverageShsOut": 24640000000,
    "weightedAverageShsOutDil": 24770000000,
    "link": "https://www.sec.gov/Archives/edgar/data/1045810/000104581023000017/0001045810-23-000017-index.htm",
    "finalLink": "https://www.sec.gov/Archives/edgar/data/1045810/000104581023000017/nvda-20230129.htm"
  },
  {
    "date": "2022-10-30",
    "symbol": "NVDA",
    "reportedCurrency": "USD",
    "cik": "0001045810",
    "fillingDate": "2022-11-18",
    "acceptedDate": "2022-11-18 16:35:31",
    "calendarYear": "2023",
    "period": "Q3",
    "revenue": 5931000000,
    "costOfRevenue": 2754000000,
    "grossProfit": 3177000000,
    "grossProfitRatio": 0.535660091,
    "researchAndDevelopmentExpenses": 1945000000,
    "generalAndAdministrativeExpenses": 0,
    "sellingAndMarketingExpenses": 0,
    "sellingGeneralAndAdministrativeExpenses": 631000000,
    "otherExpenses": 0,
    "operatingExpenses": 2576000000,
    "costAndExpenses": 5330000000,
    "interestIncome": 88000000,
    "interestExpense": 65000000,
    "depreciationAndAmortization": 406000000,
    "ebitda": 1084000000,
    "ebitdaratio": 0.1827685045,
    "operatingIncome": 601000000,
    "operatingIncomeRatio": 0.1013319845,
    "totalOtherIncomeExpensesNet": 12000000,
    "incomeBeforeTax": 613000000,
    "incomeBeforeTaxRatio": 0.1033552521,
    "incomeTaxExpense": -67000000,
    "netIncome": 680000000,
    "netIncomeRatio": 0.1146518294,
    "eps": 0.027,
    "epsdiluted": 0.027,
    "weightedAverageShsOut": 24830000000,
    "weightedAverageShsOutDil": 24990000000,
    "link": "https://www.sec.gov/Archives/edgar/data/1045810/000104581022000166/0001045810-22-000166-index.htm",
    "finalLink": "https://www.sec.gov/Archives/edgar/data/1045810/000104581022000166/nvda-20221030.htm"
  },
  {
    "date": "2022-07-31",
    "symbol": "NVDA",
    "reportedCurrency": "USD",
    "cik": "0001045810",
    "fillingDate": "2022-08-31",
    "acceptedDate": "2022-08-31 17:01:35",
    "calendarYear": "2023",
    "period": "Q2",
    "revenue": 6704000000,
    "costOfRevenue": 3789000000,
    "grossProfit": 2915000000,
    "grossProfitRatio": 0.4348150358,
    "researchAndDevelopmentExpenses": 1824000000,
    "generalAndAdministrativeExpenses": 0,
    "sellingAndMarketingExpenses": 0,
    "sellingGeneralAndAdministrativeExpenses": 592000000,
    "otherExpenses": -5000000,
    "operatingExpenses": 2416000000,
    "costAndExpenses": 6205000000,
    "interestIncome": 46000000,
    "interestExpense": 65000000,
    "depreciationAndAmortization": 378000000,
    "ebitda": 918000000,
    "ebitdaratio": 0.1369331742,
    "operatingIncome": 499000000,
    "operatingIncomeRatio": 0.0744331742,
    "totalOtherIncomeExpensesNet": -5000000,
    "incomeBeforeTax": 475000000,
    "incomeBeforeTaxRatio": 0.070853222,
    "incomeTaxExpense": -181000000,
    "netIncome": 656000000,
    "netIncomeRatio": 0.0978520286,
    "eps": 0.026,
    "epsdiluted": 0.026,
    "weightedAverageShsOut": 24950000000,
    "weightedAverageShsOutDil": 25160000000,
    "link": "https://www.sec.gov/Archives/edgar/data/1045810/000104581022000147/0001045810-22-000147-index.htm",
    "finalLink": "https://www.sec.gov/Archives/edgar/data/1045810/000104581022000147/nvda-20220731.htm"
  },
  {
    "date": "2022-05-01",
    "symbol": "NVDA",
    "reportedCurrency": "USD",
    "cik": "0001045810",
    "fillingDate": "2022-05-27",
    "acceptedDate": "2022-05-27 16:21:55",
    "calendarYear": "2023",
    "period": "Q1",
    "revenue": 8288000000,
    "costOfRevenue": 2857000000,
    "grossProfit": 5431000000,
    "grossProfitRatio": 0.655284749,
    "researchAndDevelopmentExpenses": 1618000000,
    "generalAndAdministrativeExpenses": 0,
    "sellingAndMarketingExpenses": 0,
    "sellingGeneralAndAdministrativeExpenses": 592000000,
    "otherExpenses": -13000000,
    "operatingExpenses": 2210000000,
    "costAndExpenses": 5067000000,
    "interestIncome": 18000000,
    "interestExpense": 68000000,
    "depreciationAndAmortization": 334000000,
    "ebitda": 3560000000,
    "ebitdaratio": 0.4295366795,
    "operatingIncome": 1868000000,
    "operatingIncomeRatio": 0.2253861004,
    "totalOtherIncomeExpensesNet": -1366000000,
    "incomeBeforeTax": 1805000000,
    "incomeBeforeTaxRatio": 0.217784749,
    "incomeTaxExpense": 187000000,
    "netIncome": 1618000000,
    "netIncomeRatio": 0.1952220077,
    "eps": 0.065,
    "epsdiluted": 0.064,
    "weightedAverageShsOut": 25060000000,
    "weightedAverageShsOutDil": 25370000000,
    "link": "https://www.sec.gov/Archives/edgar/data/1045810/000104581022000079/0001045810-22-000079-index.htm",
    "finalLink": "https://www.sec.gov/Archives/edgar/data/1045810/000104581022000079/nvda-20220501.htm"
  },
  {
    "date": "2022-01-30",
    "symbol": "NVDA",
    "reportedCurrency": "USD",
    "cik": "0001045810",
    "fillingDate": "2022-03-18",
    "acceptedDate": "2022-03-17 20:33:34",
    "calendarYear": "2022",
    "period": "Q4",
    "revenue": 7643000000,
    "costOfRevenue": 2644000000,
    "grossProfit": 4999000000,
    "grossProfitRatio": 0.6540625409,
    "researchAndDevelopmentExpenses": 1466000000,
    "generalAndAdministrativeExpenses": 0,
    "sellingAndMarketingExpenses": 0,
    "sellingGeneralAndAdministrativeExpenses": 563000000,
    "otherExpenses": -53000000,
    "operatingExpenses": 2029000000,
    "costAndExpenses": 4673000000,
    "interestIncome": 9000000,
    "interestExpense": 61000000,
    "depreciationAndAmortization": 309000000,
    "ebitda": 3235000000,
    "ebitdaratio": 0.4232631166,
    "operatingIncome": 2970000000,
    "operatingIncomeRatio": 0.3885908675,
    "totalOtherIncomeExpensesNet": -61000000,
    "incomeBeforeTax": 2865000000,
    "incomeBeforeTaxRatio": 0.3748528065,
    "incomeTaxExpense": -138000000,
    "netIncome": 3003000000,
    "netIncomeRatio": 0.3929085438,
    "eps": 0.12,
    "epsdiluted": 0.12,
    "weightedAverageShsOut": 25040000000,
    "weightedAverageShsOutDil": 25450000000,
    "link": "https://www.sec.gov/Archives/edgar/data/1045810/000104581022000036/0001045810-22-000036-index.htm",
    "finalLink": "https://www.sec.gov/Archives/edgar/data/1045810/000104581022000036/nvda-20220130.htm"
  },
  {
    "date": "2021-10-31",
    "symbol": "NVDA",
    "reportedCurrency": "USD",
    "cik": "0001045810",
    "fillingDate": "2021-11-22",
    "acceptedDate": "2021-11-19 21:16:20",
    "calendarYear": "2022",
    "period": "Q3",
    "revenue": 7103000000,
    "costOfRevenue": 2472000000,
    "grossProfit": 4631000000,
    "grossProfitRatio": 0.6519780374,
    "researchAndDevelopmentExpenses": 1403000000,
    "generalAndAdministrativeExpenses": 0,
    "sellingAndMarketingExpenses": 0,
    "sellingGeneralAndAdministrativeExpenses": 557000000,
    "otherExpenses": 22000000,
    "operatingExpenses": 1960000000,
    "costAndExpenses": 4432000000,
    "interestIncome": 7000000,
    "interestExpense": 62000000,
    "depreciationAndAmortization": 298000000,
    "ebitda": 2998000000,
    "ebitdaratio": 0.4220751795,
    "operatingIncome": 2671000000,
    "operatingIncomeRatio": 0.3760382937,
    "totalOtherIncomeExpensesNet": 22000000,
    "incomeBeforeTax": 2638000000,
    "incomeBeforeTaxRatio": 0.3713923694,
    "incomeTaxExpense": 174000000,
    "netIncome": 2464000000,
    "netIncomeRatio": 0.3468956779,
    "eps": 0.099,
    "epsdiluted": 0.097,
    "weightedAverageShsOut": 24990000000,
    "weightedAverageShsOutDil": 25380000000,
    "link": "https://www.sec.gov/Archives/edgar/data/1045810/000104581021000163/0001045810-21-000163-index.htm",
    "finalLink": "https://www.sec.gov/Archives/edgar/data/1045810/000104581021000163/nvda-20211031.htm"
  },
  {
    "date": "2021-08-01",
    "symbol": "NVDA",
    "reportedCurrency": "USD",
    "cik": "0001045810",
    "fillingDate": "2021-08-20",
    "acceptedDate": "2021-08-20 16:32:40",
    "calendarYear": "2022",
    "period": "Q2",
    "revenue": 6507000000,
    "costOfRevenue": 2292000000,
    "grossProfit": 4215000000,
    "grossProfitRatio": 0.6477639465,
    "researchAndDevelopmentExpenses": 1245000000,
    "generalAndAdministrativeExpenses": 0,
    "sellingAndMarketingExpenses": 0,
    "sellingGeneralAndAdministrativeExpenses": 526000000,
    "otherExpenses": 4000000,
    "operatingExpenses": 1771000000,
    "costAndExpenses": 4063000000,
    "interestIncome": 6000000,
    "interestExpense": 60000000,
    "depreciationAndAmortization": 286000000,
    "ebitda": 2740000000,
    "ebitdaratio": 0.4210849854,
    "operatingIncome": 2444000000,
    "operatingIncomeRatio": 0.3755955125,
    "totalOtherIncomeExpensesNet": -50000000,
    "incomeBeforeTax": 2394000000,
    "incomeBeforeTaxRatio": 0.3679114799,
    "incomeTaxExpense": 20000000,
    "netIncome": 2374000000,
    "netIncomeRatio": 0.3648378669,
    "eps": 0.095,
    "epsdiluted": 0.094,
    "weightedAverageShsOut": 24930000000,
    "weightedAverageShsOutDil": 25320000000,
    "link": "https://www.sec.gov/Archives/edgar/data/1045810/000104581021000131/0001045810-21-000131-index.htm",
    "finalLink": "https://www.sec.gov/Archives/edgar/data/1045810/000104581021000131/nvda-20210801.htm"
  },
  {
    "date": "2021-05-02",
    "symbol": "NVDA",
    "reportedCurrency": "USD",
    "cik": "0001045810",
    "fillingDate": "2021-05-26",
    "acceptedDate": "2021-05-26 16:35:56",
    "calendarYear": "2022",
    "period": "Q1",
    "revenue": 5661000000,
    "costOfRevenue": 2032000000,
    "grossProfit": 3629000000,
    "grossProfitRatio": 0.6410528175,
    "researchAndDevelopmentExpenses": 1153000000,
    "generalAndAdministrativeExpenses": 0,
    "sellingAndMarketingExpenses": 0,
    "sellingGeneralAndAdministrativeExpenses": 520000000,
    "otherExpenses": 135000000,
    "operatingExpenses": 1673000000,
    "costAndExpenses": 3705000000,
    "interestIncome": 6000000,
    "interestExpense": 53000000,
    "depreciationAndAmortization": 281000000,
    "ebitda": 2378000000,
    "ebitdaratio": 0.4200671259,
    "operatingIncome": 1956000000,
    "operatingIncomeRatio": 0.3455219926,
    "totalOtherIncomeExpensesNet": 88000000,
    "incomeBeforeTax": 2044000000,
    "incomeBeforeTaxRatio": 0.3610669493,
    "incomeTaxExpense": 132000000,
    "netIncome": 1912000000,
    "netIncomeRatio": 0.3377495142,
    "eps": 0.077,
    "epsdiluted": 0.076,
    "weightedAverageShsOut": 24840000000,
    "weightedAverageShsOutDil": 25280000000,
    "link": "https://www.sec.gov/Archives/edgar/data/1045810/000104581021000064/0001045810-21-000064-index.htm",
    "finalLink": "https://www.sec.gov/Archives/edgar/data/1045810/000104581021000064/nvda-20210502.htm"
  },
  {
    "date": "2021-01-31",
    "symbol": "NVDA",
    "reportedCurrency": "USD",
    "cik": "0001045810",
    "fillingDate": "2021-02-26",
    "acceptedDate": "2021-02-26 17:03:14",
    "calendarYear": "2021",
    "period": "Q4",
    "revenue": 5003000000,
    "costOfRevenue": 1846000000,
    "grossProfit": 3157000000,
    "grossProfitRatio": 0.6310213872,
    "researchAndDevelopmentExpenses": 1147000000,
    "generalAndAdministrativeExpenses": 0,
    "sellingAndMarketingExpenses": 0,
    "sellingGeneralAndAdministrativeExpenses": 503000000,
    "otherExpenses": 10000000,
    "operatingExpenses": 1650000000,
    "costAndExpenses": 3496000000,
    "interestIncome": 6000000,
    "interestExpense": 53000000,
    "depreciationAndAmortization": 287000000,
    "ebitda": 1810000000,
    "ebitdaratio": 0.3617829302,
    "operatingIncome": 1507000000,
    "operatingIncomeRatio": 0.3012192684,
    "totalOtherIncomeExpensesNet": 10000000,
    "incomeBeforeTax": 1470000000,
    "incomeBeforeTaxRatio": 0.2938237058,
    "incomeTaxExpense": 13000000,
    "netIncome": 1457000000,
    "netIncomeRatio": 0.2912252648,
    "eps": 0.059,
    "epsdiluted": 0.058,
    "weightedAverageShsOut": 24760000000,
    "weightedAverageShsOutDil": 25240000000,
    "link": "https://www.sec.gov/Archives/edgar/data/1045810/000104581021000010/0001045810-21-000010-index.htm",
    "finalLink": "https://www.sec.gov/Archives/edgar/data/1045810/000104581021000010/nvda-20210131.htm"
  },
  {
    "date": "2020-10-25",
    "symbol": "NVDA",
    "reportedCurrency": "USD",
    "cik": "0001045810",
    "fillingDate": "2020-11-18",
    "acceptedDate": "2020-11-18 16:35:57",
    "calendarYear": "2021",
    "period": "Q3",
    "revenue": 4726000000,
    "costOfRevenue": 1766000000,
    "grossProfit": 2960000000,
    "grossProfitRatio": 0.6263224714,
    "researchAndDevelopmentExpenses": 1047000000,
    "generalAndAdministrativeExpenses": 0,
    "sellingAndMarketingExpenses": 0,
    "sellingGeneralAndAdministrativeExpenses": 515000000,
    "otherExpenses": -4000000,
    "operatingExpenses": 1562000000,
    "costAndExpenses": 3328000000,
    "interestIncome": 7000000,
    "interestExpense": 53000000,
    "depreciationAndAmortization": 299000000,
    "ebitda": 1700000000,
    "ebitdaratio": 0.3597122302,
    "operatingIncome": 1398000000,
    "operatingIncomeRatio": 0.2958104105,
    "totalOtherIncomeExpensesNet": -4000000,
    "incomeBeforeTax": 1348000000,
    "incomeBeforeTaxRatio": 0.285230639,
    "incomeTaxExpense": 12000000,
    "netIncome": 1336000000,
    "netIncomeRatio": 0.2826914939,
    "eps": 0.054,
    "epsdiluted": 0.053,
    "weightedAverageShsOut": 24720000000,
    "weightedAverageShsOutDil": 25200000000,
    "link": "https://www.sec.gov/Archives/edgar/data/1045810/000104581020000189/0001045810-20-000189-index.htm",
    "finalLink": "https://www.sec.gov/Archives/edgar/data/1045810/000104581020000189/nvda-20201025.htm"
  },
  {
    "date": "2020-07-26",
    "symbol": "NVDA",
    "reportedCurrency": "USD",
    "cik": "0001045810",
    "fillingDate": "2020-08-19",
    "acceptedDate": "2020-08-19 16:36:51",
    "calendarYear": "2021",
    "period": "Q2",
    "revenue": 3866000000,
    "costOfRevenue": 1591000000,
    "grossProfit": 2275000000,
    "grossProfitRatio": 0.5884635282,
    "researchAndDevelopmentExpenses": 997000000,
    "generalAndAdministrativeExpenses": 0,
    "sellingAndMarketingExpenses": 0,
    "sellingGeneralAndAdministrativeExpenses": 627000000,
    "otherExpenses": -1000000,
    "operatingExpenses": 1624000000,
    "costAndExpenses": 3215000000,
    "interestIncome": 13000000,
    "interestExpense": 54000000,
    "depreciationAndAmortization": 404000000,
    "ebitda": 1067000000,
    "ebitdaratio": 0.2759958614,
    "operatingIncome": 651000000,
    "operatingIncomeRatio": 0.1683911019,
    "totalOtherIncomeExpensesNet": -1000000,
    "incomeBeforeTax": 609000000,
    "incomeBeforeTaxRatio": 0.1575271599,
    "incomeTaxExpense": -13000000,
    "netIncome": 622000000,
    "netIncomeRatio": 0.1608898086,
    "eps": 0.025,
    "epsdiluted": 0.025,
    "weightedAverageShsOut": 24640000000,
    "weightedAverageShsOutDil": 25040000000,
    "link": "https://www.sec.gov/Archives/edgar/data/1045810/000104581020000147/0001045810-20-000147-index.htm",
    "finalLink": "https://www.sec.gov/Archives/edgar/data/1045810/000104581020000147/nvda-20200726.htm"
  },
  {
    "date": "2020-04-26",
    "symbol": "NVDA",
    "reportedCurrency": "USD",
    "cik": "0001045810",
    "fillingDate": "2020-05-21",
    "acceptedDate": "2020-05-21 16:32:58",
    "calendarYear": "2021",
    "period": "Q1",
    "revenue": 3080000000,
    "costOfRevenue": 1076000000,
    "grossProfit": 2004000000,
    "grossProfitRatio": 0.6506493506,
    "researchAndDevelopmentExpenses": 735000000,
    "generalAndAdministrativeExpenses": 0,
    "sellingAndMarketingExpenses": 0,
    "sellingGeneralAndAdministrativeExpenses": 293000000,
    "otherExpenses": -1000000,
    "operatingExpenses": 1028000000,
    "costAndExpenses": 2104000000,
    "interestIncome": 31000000,
    "interestExpense": 25000000,
    "depreciationAndAmortization": 107000000,
    "ebitda": 1113000000,
    "ebitdaratio": 0.3613636364,
    "operatingIncome": 976000000,
    "operatingIncomeRatio": 0.3168831169,
    "totalOtherIncomeExpensesNet": -1000000,
    "incomeBeforeTax": 981000000,
    "incomeBeforeTaxRatio": 0.3185064935,
    "incomeTaxExpense": 64000000,
    "netIncome": 917000000,
    "netIncomeRatio": 0.2977272727,
    "eps": 0.037,
    "epsdiluted": 0.037,
    "weightedAverageShsOut": 24560000000,
    "weightedAverageShsOutDil": 24880000000,
    "link": "https://www.sec.gov/Archives/edgar/data/1045810/000104581020000065/0001045810-20-000065-index.htm",
    "finalLink": "https://www.sec.gov/Archives/edgar/data/1045810/000104581020000065/nvda-20200426.htm"
  },
  {
    "date": "2020-01-26",
    "symbol": "NVDA",
    "reportedCurrency": "USD",
    "cik": "0001045810",
    "fillingDate": "2020-02-20",
    "acceptedDate": "2020-02-20 16:38:18",
    "calendarYear": "2020",
    "period": "Q4",
    "revenue": 3105000000,
    "costOfRevenue": 1090000000,
    "grossProfit": 2015000000,
    "grossProfitRatio": 0.6489533011,
    "researchAndDevelopmentExpenses": 738000000,
    "generalAndAdministrativeExpenses": 0,
    "sellingAndMarketingExpenses": 0,
    "sellingGeneralAndAdministrativeExpenses": 287000000,
    "otherExpenses": -3000000,
    "operatingExpenses": 1025000000,
    "costAndExpenses": 2115000000,
    "interestIncome": 41000000,
    "interestExpense": 12000000,
    "depreciationAndAmortization": 106000000,
    "ebitda": 1134000000,
    "ebitdaratio": 0.3652173913,
    "operatingIncome": 990000000,
    "operatingIncomeRatio": 0.3188405797,
    "totalOtherIncomeExpensesNet": -3000000,
    "incomeBeforeTax": 1016000000,
    "incomeBeforeTaxRatio": 0.3272141707,
    "incomeTaxExpense": 66000000,
    "netIncome": 950000000,
    "netIncomeRatio": 0.305958132,
    "eps": 0.039,
    "epsdiluted": 0.038,
    "weightedAverageShsOut": 24480000000,
    "weightedAverageShsOutDil": 24840000000,
    "link": "https://www.sec.gov/Archives/edgar/data/1045810/000104581020000010/0001045810-20-000010-index.htm",
    "finalLink": "https://www.sec.gov/Archives/edgar/data/1045810/000104581020000010/nvda-2020x10k.htm"
  },
  {
    "date": "2019-10-27",
    "symbol": "NVDA",
    "reportedCurrency": "USD",
    "cik": "0001045810",
    "fillingDate": "2019-11-14",
    "acceptedDate": "2019-11-14 16:36:33",
    "calendarYear": "2020",
    "period": "Q3",
    "revenue": 3014000000,
    "costOfRevenue": 1098000000,
    "grossProfit": 1916000000,
    "grossProfitRatio": 0.6357000664,
    "researchAndDevelopmentExpenses": 712000000,
    "generalAndAdministrativeExpenses": 0,
    "sellingAndMarketingExpenses": 0,
    "sellingGeneralAndAdministrativeExpenses": 277000000,
    "otherExpenses": 0,
    "operatingExpenses": 989000000,
    "costAndExpenses": 2087000000,
    "interestIncome": 45000000,
    "interestExpense": 13000000,
    "depreciationAndAmortization": 92000000,
    "ebitda": 1064000000,
    "ebitdaratio": 0.3530192435,
    "operatingIncome": 927000000,
    "operatingIncomeRatio": 0.3075646981,
    "totalOtherIncomeExpensesNet": 32000000,
    "incomeBeforeTax": 959000000,
    "incomeBeforeTaxRatio": 0.3181818182,
    "incomeTaxExpense": 60000000,
    "netIncome": 899000000,
    "netIncomeRatio": 0.298274718,
    "eps": 0.037,
    "epsdiluted": 0.036,
    "weightedAverageShsOut": 24400000000,
    "weightedAverageShsOutDil": 24720000000,
    "link": "https://www.sec.gov/Archives/edgar/data/1045810/000104581019000170/0001045810-19-000170-index.htm",
    "finalLink": "https://www.sec.gov/Archives/edgar/data/1045810/000104581019000170/nvda2020q310q.htm"
  },
  {
    "date": "2019-07-28",
    "symbol": "NVDA",
    "reportedCurrency": "USD",
    "cik": "0001045810",
    "fillingDate": "2019-08-15",
    "acceptedDate": "2019-08-15 17:20:59",
    "calendarYear": "2020",
    "period": "Q2",
    "revenue": 2579000000,
    "costOfRevenue": 1038000000,
    "grossProfit": 1541000000,
    "grossProfitRatio": 0.597518418,
    "researchAndDevelopmentExpenses": 704000000,
    "generalAndAdministrativeExpenses": 0,
    "sellingAndMarketingExpenses": 0,
    "sellingGeneralAndAdministrativeExpenses": 266000000,
    "otherExpenses": 1000000,
    "operatingExpenses": 970000000,
    "costAndExpenses": 2008000000,
    "interestIncome": 47000000,
    "interestExpense": 13000000,
    "depreciationAndAmortization": 92000000,
    "ebitda": 711000000,
    "ebitdaratio": 0.2756882513,
    "operatingIncome": 571000000,
    "operatingIncomeRatio": 0.2214036448,
    "totalOtherIncomeExpensesNet": 1000000,
    "incomeBeforeTax": 606000000,
    "incomeBeforeTaxRatio": 0.2349747964,
    "incomeTaxExpense": 54000000,
    "netIncome": 552000000,
    "netIncomeRatio": 0.2140364482,
    "eps": 0.023,
    "epsdiluted": 0.023,
    "weightedAverageShsOut": 24360000000,
    "weightedAverageShsOutDil": 24640000000,
    "link": "https://www.sec.gov/Archives/edgar/data/1045810/000104581019000144/0001045810-19-000144-index.htm",
    "finalLink": "https://www.sec.gov/Archives/edgar/data/1045810/000104581019000144/nvda2020q210q.htm"
  },
  {
    "date": "2019-04-28",
    "symbol": "NVDA",
    "reportedCurrency": "USD",
    "cik": "0001045810",
    "fillingDate": "2019-05-16",
    "acceptedDate": "2019-05-16 16:36:34",
    "calendarYear": "2020",
    "period": "Q1",
    "revenue": 2220000000,
    "costOfRevenue": 924000000,
    "grossProfit": 1296000000,
    "grossProfitRatio": 0.5837837838,
    "researchAndDevelopmentExpenses": 674000000,
    "generalAndAdministrativeExpenses": 0,
    "sellingAndMarketingExpenses": 0,
    "sellingGeneralAndAdministrativeExpenses": 264000000,
    "otherExpenses": 0,
    "operatingExpenses": 938000000,
    "costAndExpenses": 1862000000,
    "interestIncome": 44000000,
    "interestExpense": 13000000,
    "depreciationAndAmortization": 91000000,
    "ebitda": 493000000,
    "ebitdaratio": 0.2220720721,
    "operatingIncome": 358000000,
    "operatingIncomeRatio": 0.1612612613,
    "totalOtherIncomeExpensesNet": 31000000,
    "incomeBeforeTax": 389000000,
    "incomeBeforeTaxRatio": 0.1752252252,
    "incomeTaxExpense": -5000000,
    "netIncome": 394000000,
    "netIncomeRatio": 0.1774774775,
    "eps": 0.016,
    "epsdiluted": 0.016,
    "weightedAverageShsOut": 24280000000,
    "weightedAverageShsOutDil": 24640000000,
    "link": "https://www.sec.gov/Archives/edgar/data/1045810/000104581019000079/0001045810-19-000079-index.htm",
    "finalLink": "https://www.sec.gov/Archives/edgar/data/1045810/000104581019000079/nvda2020q110q.htm"
  },
  {
    "date": "2019-01-27",
    "symbol": "NVDA",
    "reportedCurrency": "USD",
    "cik": "0001045810",
    "fillingDate": "2019-02-21",
    "acceptedDate": "2019-02-21 16:37:18",
    "calendarYear": "2019",
    "period": "Q4",
    "revenue": 2205000000,
    "costOfRevenue": 998000000,
    "grossProfit": 1207000000,
    "grossProfitRatio": 0.5473922902,
    "researchAndDevelopmentExpenses": 647000000,
    "generalAndAdministrativeExpenses": 0,
    "sellingAndMarketingExpenses": 0,
    "sellingGeneralAndAdministrativeExpenses": 266000000,
    "otherExpenses": 2000000,
    "operatingExpenses": 913000000,
    "costAndExpenses": 1911000000,
    "interestIncome": 42000000,
    "interestExpense": 14000000,
    "depreciationAndAmortization": 78000000,
    "ebitda": 338000000,
    "ebitdaratio": 0.1532879819,
    "operatingIncome": 322000000,
    "operatingIncomeRatio": 0.146031746,
    "totalOtherIncomeExpensesNet": 2000000,
    "incomeBeforeTax": 324000000,
    "incomeBeforeTaxRatio": 0.1469387755,
    "incomeTaxExpense": -243000000,
    "netIncome": 567000000,
    "netIncomeRatio": 0.2571428571,
    "eps": 0.023,
    "epsdiluted": 0.023,
    "weightedAverageShsOut": 24360000000,
    "weightedAverageShsOutDil": 24760000000,
    "link": "https://www.sec.gov/Archives/edgar/data/1045810/000104581019000023/0001045810-19-000023-index.htm",
    "finalLink": "https://www.sec.gov/Archives/edgar/data/1045810/000104581019000023/nvda-2019x10k.htm"
  },
  {
    "date": "2018-10-28",
    "symbol": "NVDA",
    "reportedCurrency": "USD",
    "cik": "0001045810",
    "fillingDate": "2018-11-15",
    "acceptedDate": "2018-11-15 16:32:23",
    "calendarYear": "2019",
    "period": "Q3",
    "revenue": 3181000000,
    "costOfRevenue": 1260000000,
    "grossProfit": 1921000000,
    "grossProfitRatio": 0.6038981452,
    "researchAndDevelopmentExpenses": 605000000,
    "generalAndAdministrativeExpenses": 0,
    "sellingAndMarketingExpenses": 0,
    "sellingGeneralAndAdministrativeExpenses": 258000000,
    "otherExpenses": 1000000,
    "operatingExpenses": 863000000,
    "costAndExpenses": 2123000000,
    "interestIncome": 37000000,
    "interestExpense": 15000000,
    "depreciationAndAmortization": 68000000,
    "ebitda": 1164000000,
    "ebitdaratio": 0.3659226658,
    "operatingIncome": 1058000000,
    "operatingIncomeRatio": 0.3325998114,
    "totalOtherIncomeExpensesNet": 1000000,
    "incomeBeforeTax": 1081000000,
    "incomeBeforeTaxRatio": 0.3398302421,
    "incomeTaxExpense": -149000000,
    "netIncome": 1230000000,
    "netIncomeRatio": 0.3866708582,
    "eps": 0.051,
    "epsdiluted": 0.049,
    "weightedAverageShsOut": 24360000000,
    "weightedAverageShsOutDil": 25000000000,
    "link": "https://www.sec.gov/Archives/edgar/data/1045810/000104581018000150/0001045810-18-000150-index.htm",
    "finalLink": "https://www.sec.gov/Archives/edgar/data/1045810/000104581018000150/nvda2019q310q.htm"
  },
  {
    "date": "2018-07-29",
    "symbol": "NVDA",
    "reportedCurrency": "USD",
    "cik": "0001045810",
    "fillingDate": "2018-08-16",
    "acceptedDate": "2018-08-16 16:31:19",
    "calendarYear": "2019",
    "period": "Q2",
    "revenue": 3123000000,
    "costOfRevenue": 1148000000,
    "grossProfit": 1975000000,
    "grossProfitRatio": 0.632404739,
    "researchAndDevelopmentExpenses": 581000000,
    "generalAndAdministrativeExpenses": 0,
    "sellingAndMarketingExpenses": 0,
    "sellingGeneralAndAdministrativeExpenses": 237000000,
    "otherExpenses": 5000000,
    "operatingExpenses": 818000000,
    "costAndExpenses": 1966000000,
    "interestIncome": 32000000,
    "interestExpense": 14000000,
    "depreciationAndAmortization": 59000000,
    "ebitda": 1253000000,
    "ebitdaratio": 0.4012167787,
    "operatingIncome": 1157000000,
    "operatingIncomeRatio": 0.3704771053,
    "totalOtherIncomeExpensesNet": 5000000,
    "incomeBeforeTax": 1180000000,
    "incomeBeforeTaxRatio": 0.3778418188,
    "incomeTaxExpense": 79000000,
    "netIncome": 1101000000,
    "netIncomeRatio": 0.3525456292,
    "eps": 0.045,
    "epsdiluted": 0.044,
    "weightedAverageShsOut": 24280000000,
    "weightedAverageShsOutDil": 25040000000,
    "link": "https://www.sec.gov/Archives/edgar/data/1045810/000104581018000114/0001045810-18-000114-index.htm",
    "finalLink": "https://www.sec.gov/Archives/edgar/data/1045810/000104581018000114/nvda2019q210q.htm"
  },
  {
    "date": "2018-04-29",
    "symbol": "NVDA",
    "reportedCurrency": "USD",
    "cik": "0001045810",
    "fillingDate": "2018-05-22",
    "acceptedDate": "2018-05-22 16:35:51",
    "calendarYear": "2019",
    "period": "Q1",
    "revenue": 3207000000,
    "costOfRevenue": 1139000000,
    "grossProfit": 2068000000,
    "grossProfitRatio": 0.6448394138,
    "researchAndDevelopmentExpenses": 542000000,
    "generalAndAdministrativeExpenses": 0,
    "sellingAndMarketingExpenses": 0,
    "sellingGeneralAndAdministrativeExpenses": 231000000,
    "otherExpenses": 6000000,
    "operatingExpenses": 773000000,
    "costAndExpenses": 1912000000,
    "interestIncome": 25000000,
    "interestExpense": 15000000,
    "depreciationAndAmortization": 57000000,
    "ebitda": 1326000000,
    "ebitdaratio": 0.4134705332,
    "operatingIncome": 1295000000,
    "operatingIncomeRatio": 0.4038041784,
    "totalOtherIncomeExpensesNet": 6000000,
    "incomeBeforeTax": 1311000000,
    "incomeBeforeTaxRatio": 0.4087932647,
    "incomeTaxExpense": 67000000,
    "netIncome": 1244000000,
    "netIncomeRatio": 0.3879014655,
    "eps": 0.051,
    "epsdiluted": 0.05,
    "weightedAverageShsOut": 24240000000,
    "weightedAverageShsOutDil": 25080000000,
    "link": "https://www.sec.gov/Archives/edgar/data/1045810/000104581018000080/0001045810-18-000080-index.htm",
    "finalLink": "https://www.sec.gov/Archives/edgar/data/1045810/000104581018000080/nvda2019q110q.htm"
  },
  {
    "date": "2018-01-28",
    "symbol": "NVDA",
    "reportedCurrency": "USD",
    "cik": "0001045810",
    "fillingDate": "2018-02-28",
    "acceptedDate": "2018-02-28 16:31:19",
    "calendarYear": "2018",
    "period": "Q4",
    "revenue": 2911000000,
    "costOfRevenue": 1110000000,
    "grossProfit": 1801000000,
    "grossProfitRatio": 0.6186877362,
    "researchAndDevelopmentExpenses": 508000000,
    "generalAndAdministrativeExpenses": 0,
    "sellingAndMarketingExpenses": 0,
    "sellingGeneralAndAdministrativeExpenses": 220000000,
    "otherExpenses": 23000000,
    "operatingExpenses": 728000000,
    "costAndExpenses": 1838000000,
    "interestIncome": 20000000,
    "interestExpense": 15000000,
    "depreciationAndAmortization": 54000000,
    "ebitda": 1093000000,
    "ebitdaratio": 0.3754723463,
    "operatingIncome": 1073000000,
    "operatingIncomeRatio": 0.368601855,
    "totalOtherIncomeExpensesNet": 5000000,
    "incomeBeforeTax": 1078000000,
    "incomeBeforeTaxRatio": 0.3703194778,
    "incomeTaxExpense": -40000000,
    "netIncome": 1118000000,
    "netIncomeRatio": 0.3840604603,
    "eps": 0.046,
    "epsdiluted": 0.045,
    "weightedAverageShsOut": 24240000000,
    "weightedAverageShsOutDil": 25120000000,
    "link": "https://www.sec.gov/Archives/edgar/data/1045810/000104581018000010/0001045810-18-000010-index.htm",
    "finalLink": "https://www.sec.gov/Archives/edgar/data/1045810/000104581018000010/nvda-2018x10k.htm"
  },
  {
    "date": "2017-10-29",
    "symbol": "NVDA",
    "reportedCurrency": "USD",
    "cik": "0001045810",
    "fillingDate": "2017-11-21",
    "acceptedDate": "2017-11-21 16:25:20",
    "calendarYear": "2018",
    "period": "Q3",
    "revenue": 2636000000,
    "costOfRevenue": 1067000000,
    "grossProfit": 1569000000,
    "grossProfitRatio": 0.5952200303,
    "researchAndDevelopmentExpenses": 462000000,
    "generalAndAdministrativeExpenses": 0,
    "sellingAndMarketingExpenses": 0,
    "sellingGeneralAndAdministrativeExpenses": 212000000,
    "otherExpenses": -1000000,
    "operatingExpenses": 674000000,
    "costAndExpenses": 1741000000,
    "interestIncome": 17000000,
    "interestExpense": 15000000,
    "depreciationAndAmortization": 49000000,
    "ebitda": 911000000,
    "ebitdaratio": 0.345599393,
    "operatingIncome": 895000000,
    "operatingIncomeRatio": 0.3395295903,
    "totalOtherIncomeExpensesNet": -1000000,
    "incomeBeforeTax": 896000000,
    "incomeBeforeTaxRatio": 0.339908953,
    "incomeTaxExpense": 58000000,
    "netIncome": 838000000,
    "netIncomeRatio": 0.3179059181,
    "eps": 0.035,
    "epsdiluted": 0.033,
    "weightedAverageShsOut": 24120000000,
    "weightedAverageShsOutDil": 25120000000,
    "link": "https://www.sec.gov/Archives/edgar/data/1045810/000104581017000172/0001045810-17-000172-index.htm",
    "finalLink": "https://www.sec.gov/Archives/edgar/data/1045810/000104581017000172/nvda2018q310q.htm"
  },
  {
    "date": "2017-07-30",
    "symbol": "NVDA",
    "reportedCurrency": "USD",
    "cik": "0001045810",
    "fillingDate": "2017-08-23",
    "acceptedDate": "2017-08-23 16:24:51",
    "calendarYear": "2018",
    "period": "Q2",
    "revenue": 2230000000,
    "costOfRevenue": 928000000,
    "grossProfit": 1302000000,
    "grossProfitRatio": 0.5838565022,
    "researchAndDevelopmentExpenses": 416000000,
    "generalAndAdministrativeExpenses": 0,
    "sellingAndMarketingExpenses": 0,
    "sellingGeneralAndAdministrativeExpenses": 198000000,
    "otherExpenses": -4000000,
    "operatingExpenses": 614000000,
    "costAndExpenses": 1542000000,
    "interestIncome": 15000000,
    "interestExpense": 15000000,
    "depreciationAndAmortization": 49000000,
    "ebitda": 699000000,
    "ebitdaratio": 0.3134529148,
    "operatingIncome": 688000000,
    "operatingIncomeRatio": 0.3085201794,
    "totalOtherIncomeExpensesNet": -4000000,
    "incomeBeforeTax": 684000000,
    "incomeBeforeTaxRatio": 0.3067264574,
    "incomeTaxExpense": 101000000,
    "netIncome": 583000000,
    "netIncomeRatio": 0.2614349776,
    "eps": 0.025,
    "epsdiluted": 0.023,
    "weightedAverageShsOut": 23880000000,
    "weightedAverageShsOutDil": 25320000000,
    "link": "https://www.sec.gov/Archives/edgar/data/1045810/000104581017000123/0001045810-17-000123-index.htm",
    "finalLink": "https://www.sec.gov/Archives/edgar/data/1045810/000104581017000123/nvda2018q210q.htm"
  },
  {
    "date": "2017-04-30",
    "symbol": "NVDA",
    "reportedCurrency": "USD",
    "cik": "0001045810",
    "fillingDate": "2017-05-23",
    "acceptedDate": "2017-05-23 16:34:55",
    "calendarYear": "2018",
    "period": "Q1",
    "revenue": 1937000000,
    "costOfRevenue": 787000000,
    "grossProfit": 1150000000,
    "grossProfitRatio": 0.5937016004,
    "researchAndDevelopmentExpenses": 411000000,
    "generalAndAdministrativeExpenses": 0,
    "sellingAndMarketingExpenses": 0,
    "sellingGeneralAndAdministrativeExpenses": 185000000,
    "otherExpenses": -18000000,
    "operatingExpenses": 596000000,
    "costAndExpenses": 1383000000,
    "interestIncome": 16000000,
    "interestExpense": 16000000,
    "depreciationAndAmortization": 47000000,
    "ebitda": 552000000,
    "ebitdaratio": 0.2849767682,
    "operatingIncome": 554000000,
    "operatingIncomeRatio": 0.2860092927,
    "totalOtherIncomeExpensesNet": -18000000,
    "incomeBeforeTax": 536000000,
    "incomeBeforeTaxRatio": 0.276716572,
    "incomeTaxExpense": 29000000,
    "netIncome": 507000000,
    "netIncomeRatio": 0.2617449664,
    "eps": 0.022,
    "epsdiluted": 0.02,
    "weightedAverageShsOut": 23680000000,
    "weightedAverageShsOutDil": 25640000000,
    "link": "https://www.sec.gov/Archives/edgar/data/1045810/000104581017000075/0001045810-17-000075-index.htm",
    "finalLink": "https://www.sec.gov/Archives/edgar/data/1045810/000104581017000075/nvda2018q110q.htm"
  },
  {
    "date": "2017-01-29",
    "symbol": "NVDA",
    "reportedCurrency": "USD",
    "cik": "0001045810",
    "fillingDate": "2017-03-01",
    "acceptedDate": "2017-03-01 17:30:49",
    "calendarYear": "2017",
    "period": "Q4",
    "revenue": 2173000000,
    "costOfRevenue": 870000000,
    "grossProfit": 1303000000,
    "grossProfitRatio": 0.5996318454,
    "researchAndDevelopmentExpenses": 394000000,
    "generalAndAdministrativeExpenses": 0,
    "sellingAndMarketingExpenses": 0,
    "sellingGeneralAndAdministrativeExpenses": 176000000,
    "otherExpenses": -6000000,
    "operatingExpenses": 570000000,
    "costAndExpenses": 1440000000,
    "interestIncome": 17000000,
    "interestExpense": 18000000,
    "depreciationAndAmortization": 47000000,
    "ebitda": 744000000,
    "ebitdaratio": 0.3423838012,
    "operatingIncome": 733000000,
    "operatingIncomeRatio": 0.3373216751,
    "totalOtherIncomeExpensesNet": -6000000,
    "incomeBeforeTax": 726000000,
    "incomeBeforeTaxRatio": 0.3341003221,
    "incomeTaxExpense": 71000000,
    "netIncome": 655000000,
    "netIncomeRatio": 0.3014265992,
    "eps": 0.03,
    "epsdiluted": 0.025,
    "weightedAverageShsOut": 22120000000,
    "weightedAverageShsOutDil": 26400000000,
    "link": "https://www.sec.gov/Archives/edgar/data/1045810/000104581017000027/0001045810-17-000027-index.htm",
    "finalLink": "https://www.sec.gov/Archives/edgar/data/1045810/000104581017000027/nvda-2017x10k.htm"
  },
  {
    "date": "2016-10-30",
    "symbol": "NVDA",
    "reportedCurrency": "USD",
    "cik": "0001045810",
    "fillingDate": "2016-11-22",
    "acceptedDate": "2016-11-22 16:29:33",
    "calendarYear": "2017",
    "period": "Q3",
    "revenue": 2004000000,
    "costOfRevenue": 821000000,
    "grossProfit": 1183000000,
    "grossProfitRatio": 0.5903193613,
    "researchAndDevelopmentExpenses": 373000000,
    "generalAndAdministrativeExpenses": 0,
    "sellingAndMarketingExpenses": 0,
    "sellingGeneralAndAdministrativeExpenses": 171000000,
    "otherExpenses": -16000000,
    "operatingExpenses": 544000000,
    "costAndExpenses": 1365000000,
    "interestIncome": 14000000,
    "interestExpense": 16000000,
    "depreciationAndAmortization": 48000000,
    "ebitda": 637000000,
    "ebitdaratio": 0.3178642715,
    "operatingIncome": 639000000,
    "operatingIncomeRatio": 0.3188622754,
    "totalOtherIncomeExpensesNet": -16000000,
    "incomeBeforeTax": 621000000,
    "incomeBeforeTaxRatio": 0.3098802395,
    "incomeTaxExpense": 79000000,
    "netIncome": 542000000,
    "netIncomeRatio": 0.2704590818,
    "eps": 0.025,
    "epsdiluted": 0.021,
    "weightedAverageShsOut": 21520000000,
    "weightedAverageShsOutDil": 26120000000,
    "link": "https://www.sec.gov/Archives/edgar/data/1045810/000104581016000353/0001045810-16-000353-index.htm",
    "finalLink": "https://www.sec.gov/Archives/edgar/data/1045810/000104581016000353/nvda2017q310q.htm"
  },
  {
    "date": "2016-07-31",
    "symbol": "NVDA",
    "reportedCurrency": "USD",
    "cik": "0001045810",
    "fillingDate": "2016-08-23",
    "acceptedDate": "2016-08-23 17:20:18",
    "calendarYear": "2017",
    "period": "Q2",
    "revenue": 1428000000,
    "costOfRevenue": 602000000,
    "grossProfit": 826000000,
    "grossProfitRatio": 0.5784313725,
    "researchAndDevelopmentExpenses": 350000000,
    "generalAndAdministrativeExpenses": 0,
    "sellingAndMarketingExpenses": 0,
    "sellingGeneralAndAdministrativeExpenses": 157000000,
    "otherExpenses": 2000000,
    "operatingExpenses": 507000000,
    "costAndExpenses": 1109000000,
    "interestIncome": 12000000,
    "interestExpense": 12000000,
    "depreciationAndAmortization": 47000000,
    "ebitda": 331000000,
    "ebitdaratio": 0.2317927171,
    "operatingIncome": 317000000,
    "operatingIncomeRatio": 0.2219887955,
    "totalOtherIncomeExpensesNet": -2000000,
    "incomeBeforeTax": 317000000,
    "incomeBeforeTaxRatio": 0.2219887955,
    "incomeTaxExpense": 64000000,
    "netIncome": 253000000,
    "netIncomeRatio": 0.1771708683,
    "eps": 0.012,
    "epsdiluted": 0.01,
    "weightedAverageShsOut": 21360000000,
    "weightedAverageShsOutDil": 25240000000,
    "link": "https://www.sec.gov/Archives/edgar/data/1045810/000104581016000300/0001045810-16-000300-index.htm",
    "finalLink": "https://www.sec.gov/Archives/edgar/data/1045810/000104581016000300/nvda2017q210q.htm"
  },
  {
    "date": "2016-05-01",
    "symbol": "NVDA",
    "reportedCurrency": "USD",
    "cik": "0001045810",
    "fillingDate": "2016-05-25",
    "acceptedDate": "2016-05-25 16:55:13",
    "calendarYear": "2017",
    "period": "Q1",
    "revenue": 1305000000,
    "costOfRevenue": 554000000,
    "grossProfit": 751000000,
    "grossProfitRatio": 0.5754789272,
    "researchAndDevelopmentExpenses": 346000000,
    "generalAndAdministrativeExpenses": 0,
    "sellingAndMarketingExpenses": 0,
    "sellingGeneralAndAdministrativeExpenses": 159000000,
    "otherExpenses": -4000000,
    "operatingExpenses": 505000000,
    "costAndExpenses": 1059000000,
    "interestIncome": 12000000,
    "interestExpense": 12000000,
    "depreciationAndAmortization": 45000000,
    "ebitda": 254000000,
    "ebitdaratio": 0.1946360153,
    "operatingIncome": 245000000,
    "operatingIncomeRatio": 0.1877394636,
    "totalOtherIncomeExpensesNet": -5000000,
    "incomeBeforeTax": 241000000,
    "incomeBeforeTaxRatio": 0.1846743295,
    "incomeTaxExpense": 45000000,
    "netIncome": 196000000,
    "netIncomeRatio": 0.1501915709,
    "eps": 0.009,
    "epsdiluted": 0.0083,
    "weightedAverageShsOut": 21480000000,
    "weightedAverageShsOutDil": 23880000000,
    "link": "https://www.sec.gov/Archives/edgar/data/1045810/000104581016000275/0001045810-16-000275-index.htm",
    "finalLink": "https://www.sec.gov/Archives/edgar/data/1045810/000104581016000275/nvda2017q110q.htm"
  },
  {
    "date": "2016-01-31",
    "symbol": "NVDA",
    "reportedCurrency": "USD",
    "cik": "0001045810",
    "fillingDate": "2016-03-17",
    "acceptedDate": "2016-03-16 18:07:18",
    "calendarYear": "2016",
    "period": "Q4",
    "revenue": 1401000000,
    "costOfRevenue": 610000000,
    "grossProfit": 791000000,
    "grossProfitRatio": 0.5645967166,
    "researchAndDevelopmentExpenses": 344000000,
    "generalAndAdministrativeExpenses": 131000000,
    "sellingAndMarketingExpenses": 30000000,
    "sellingGeneralAndAdministrativeExpenses": 161000000,
    "otherExpenses": 2000000,
    "operatingExpenses": 505000000,
    "costAndExpenses": 1115000000,
    "interestIncome": 11000000,
    "interestExpense": 12000000,
    "depreciationAndAmortization": 46000000,
    "ebitda": 299000000,
    "ebitdaratio": 0.2134189864,
    "operatingIncome": 252000000,
    "operatingIncomeRatio": 0.1798715203,
    "totalOtherIncomeExpensesNet": -32000000,
    "incomeBeforeTax": 253000000,
    "incomeBeforeTaxRatio": 0.1805852962,
    "incomeTaxExpense": 46000000,
    "netIncome": 207000000,
    "netIncomeRatio": 0.147751606,
    "eps": 0.0095,
    "epsdiluted": 0.0088,
    "weightedAverageShsOut": 21560000000,
    "weightedAverageShsOutDil": 23720000000,
    "link": "https://www.sec.gov/Archives/edgar/data/1045810/000104581016000205/0001045810-16-000205-index.htm",
    "finalLink": "https://www.sec.gov/Archives/edgar/data/1045810/000104581016000205/nvda-2016x10k.htm"
  },
  {
    "date": "2015-10-25",
    "symbol": "NVDA",
    "reportedCurrency": "USD",
    "cik": "0001045810",
    "fillingDate": "2015-11-18",
    "acceptedDate": "2015-11-18 16:39:57",
    "calendarYear": "2016",
    "period": "Q3",
    "revenue": 1305000000,
    "costOfRevenue": 571000000,
    "grossProfit": 734000000,
    "grossProfitRatio": 0.5624521073,
    "researchAndDevelopmentExpenses": 329000000,
    "generalAndAdministrativeExpenses": 0,
    "sellingAndMarketingExpenses": 0,
    "sellingGeneralAndAdministrativeExpenses": 152000000,
    "otherExpenses": 3000000,
    "operatingExpenses": 481000000,
    "costAndExpenses": 1052000000,
    "interestIncome": 9000000,
    "interestExpense": 12000000,
    "depreciationAndAmortization": 48000000,
    "ebitda": 265000000,
    "ebitdaratio": 0.2030651341,
    "operatingIncome": 245000000,
    "operatingIncomeRatio": 0.1877394636,
    "totalOtherIncomeExpensesNet": -5000000,
    "incomeBeforeTax": 245000000,
    "incomeBeforeTaxRatio": 0.1877394636,
    "incomeTaxExpense": -1000000,
    "netIncome": 246000000,
    "netIncomeRatio": 0.1885057471,
    "eps": 0.011,
    "epsdiluted": 0.011,
    "weightedAverageShsOut": 21680000000,
    "weightedAverageShsOutDil": 22600000000,
    "link": "https://www.sec.gov/Archives/edgar/data/1045810/000104581015000173/0001045810-15-000173-index.htm",
    "finalLink": "https://www.sec.gov/Archives/edgar/data/1045810/000104581015000173/nvda2016q310q.htm"
  },
  {
    "date": "2015-07-26",
    "symbol": "NVDA",
    "reportedCurrency": "USD",
    "cik": "0001045810",
    "fillingDate": "2015-08-19",
    "acceptedDate": "2015-08-19 16:41:18",
    "calendarYear": "2016",
    "period": "Q2",
    "revenue": 1153000000,
    "costOfRevenue": 519000000,
    "grossProfit": 634000000,
    "grossProfitRatio": 0.5498699046,
    "researchAndDevelopmentExpenses": 320000000,
    "generalAndAdministrativeExpenses": 0,
    "sellingAndMarketingExpenses": 0,
    "sellingGeneralAndAdministrativeExpenses": 149000000,
    "otherExpenses": -1000000,
    "operatingExpenses": 469000000,
    "costAndExpenses": 988000000,
    "interestIncome": 9000000,
    "interestExpense": 12000000,
    "depreciationAndAmortization": 49000000,
    "ebitda": 173000000,
    "ebitdaratio": 0.1500433651,
    "operatingIncome": 76000000,
    "operatingIncomeRatio": 0.0659150043,
    "totalOtherIncomeExpensesNet": -90000000,
    "incomeBeforeTax": 72000000,
    "incomeBeforeTaxRatio": 0.0624457936,
    "incomeTaxExpense": 46000000,
    "netIncome": 26000000,
    "netIncomeRatio": 0.0225498699,
    "eps": 0.0013,
    "epsdiluted": 0.0013,
    "weightedAverageShsOut": 21640000000,
    "weightedAverageShsOutDil": 22240000000,
    "link": "https://www.sec.gov/Archives/edgar/data/1045810/000104581015000143/0001045810-15-000143-index.htm",
    "finalLink": "https://www.sec.gov/Archives/edgar/data/1045810/000104581015000143/nvda2016q210q.htm"
  },
  {
    "date": "2015-04-26",
    "symbol": "NVDA",
    "reportedCurrency": "USD",
    "cik": "0001045810",
    "fillingDate": "2015-05-20",
    "acceptedDate": "2015-05-20 16:55:12",
    "calendarYear": "2016",
    "period": "Q1",
    "revenue": 1151000000,
    "costOfRevenue": 498000000,
    "grossProfit": 653000000,
    "grossProfitRatio": 0.5673327541,
    "researchAndDevelopmentExpenses": 339000000,
    "generalAndAdministrativeExpenses": 0,
    "sellingAndMarketingExpenses": 0,
    "sellingGeneralAndAdministrativeExpenses": 138000000,
    "otherExpenses": -1000000,
    "operatingExpenses": 477000000,
    "costAndExpenses": 975000000,
    "interestIncome": 9000000,
    "interestExpense": 12000000,
    "depreciationAndAmortization": 54000000,
    "ebitda": 184000000,
    "ebitdaratio": 0.1598609904,
    "operatingIncome": 176000000,
    "operatingIncomeRatio": 0.1529105126,
    "totalOtherIncomeExpensesNet": -1000000,
    "incomeBeforeTax": 172000000,
    "incomeBeforeTaxRatio": 0.1494352737,
    "incomeTaxExpense": 38000000,
    "netIncome": 134000000,
    "netIncomeRatio": 0.1164205039,
    "eps": 0.006,
    "epsdiluted": 0.006,
    "weightedAverageShsOut": 21960000000,
    "weightedAverageShsOutDil": 22720000000,
    "link": "https://www.sec.gov/Archives/edgar/data/1045810/000104581015000097/0001045810-15-000097-index.htm",
    "finalLink": "https://www.sec.gov/Archives/edgar/data/1045810/000104581015000097/nvda2016q110q.htm"
  },
  {
    "date": "2015-01-25",
    "symbol": "NVDA",
    "reportedCurrency": "USD",
    "cik": "0001045810",
    "fillingDate": "2015-03-12",
    "acceptedDate": "2015-03-11 19:48:05",
    "calendarYear": "2015",
    "period": "Q4",
    "revenue": 1250514000,
    "costOfRevenue": 550911000,
    "grossProfit": 699603000,
    "grossProfitRatio": 0.5594523532,
    "researchAndDevelopmentExpenses": 348253000,
    "generalAndAdministrativeExpenses": 105214000,
    "sellingAndMarketingExpenses": 15000000,
    "sellingGeneralAndAdministrativeExpenses": 120214000,
    "otherExpenses": 188000,
    "operatingExpenses": 468467000,
    "costAndExpenses": 1019378000,
    "interestIncome": 8129000,
    "interestExpense": 11594000,
    "depreciationAndAmortization": 53955000,
    "ebitda": 239453000,
    "ebitdaratio": 0.1914836619,
    "operatingIncome": 231136000,
    "operatingIncomeRatio": 0.1848327968,
    "totalOtherIncomeExpensesNet": 188000,
    "incomeBeforeTax": 227859000,
    "incomeBeforeTaxRatio": 0.1822122743,
    "incomeTaxExpense": 34731000,
    "netIncome": 193128000,
    "netIncomeRatio": 0.1544388947,
    "eps": 0.0088,
    "epsdiluted": 0.0088,
    "weightedAverageShsOut": 21766800000,
    "weightedAverageShsOutDil": 22262920000,
    "link": "https://www.sec.gov/Archives/edgar/data/1045810/000104581015000036/0001045810-15-000036-index.htm",
    "finalLink": "https://www.sec.gov/Archives/edgar/data/1045810/000104581015000036/nvda-2015x10k.htm"
  },
  {
    "date": "2014-10-26",
    "symbol": "NVDA",
    "reportedCurrency": "USD",
    "cik": "0001045810",
    "fillingDate": "2014-11-19",
    "acceptedDate": "2014-11-18 19:09:07",
    "calendarYear": "2015",
    "period": "Q3",
    "revenue": 1225382000,
    "costOfRevenue": 548684000,
    "grossProfit": 676698000,
    "grossProfitRatio": 0.5522343237,
    "researchAndDevelopmentExpenses": 340085000,
    "generalAndAdministrativeExpenses": 0,
    "sellingAndMarketingExpenses": 0,
    "sellingGeneralAndAdministrativeExpenses": 123298000,
    "otherExpenses": -125000,
    "operatingExpenses": 463383000,
    "costAndExpenses": 1012067000,
    "interestIncome": 7422000,
    "interestExpense": 11542000,
    "depreciationAndAmortization": 55480000,
    "ebitda": 220612000,
    "ebitdaratio": 0.180035287,
    "operatingIncome": 213315000,
    "operatingIncomeRatio": 0.1740804092,
    "totalOtherIncomeExpensesNet": -125000,
    "incomeBeforeTax": 209070000,
    "incomeBeforeTaxRatio": 0.1706161834,
    "incomeTaxExpense": 36103000,
    "netIncome": 172967000,
    "netIncomeRatio": 0.1411535342,
    "eps": 0.008,
    "epsdiluted": 0.0078,
    "weightedAverageShsOut": 21911560000,
    "weightedAverageShsOutDil": 22328040000,
    "link": "https://www.sec.gov/Archives/edgar/data/1045810/000104581014000188/0001045810-14-000188-index.htm",
    "finalLink": "https://www.sec.gov/Archives/edgar/data/1045810/000104581014000188/nvda2015q310q.htm"
  },
  {
    "date": "2014-07-27",
    "symbol": "NVDA",
    "reportedCurrency": "USD",
    "cik": "0001045810",
    "fillingDate": "2014-08-20",
    "acceptedDate": "2014-08-20 16:27:59",
    "calendarYear": "2015",
    "period": "Q2",
    "revenue": 1102824000,
    "costOfRevenue": 483850000,
    "grossProfit": 618974000,
    "grossProfitRatio": 0.5612627219,
    "researchAndDevelopmentExpenses": 337124000,
    "generalAndAdministrativeExpenses": 0,
    "sellingAndMarketingExpenses": 0,
    "sellingGeneralAndAdministrativeExpenses": 118671000,
    "otherExpenses": -3857000,
    "operatingExpenses": 455795000,
    "costAndExpenses": 939645000,
    "interestIncome": 6829000,
    "interestExpense": 11526000,
    "depreciationAndAmortization": 55607000,
    "ebitda": 166151000,
    "ebitdaratio": 0.1506595794,
    "operatingIncome": 163179000,
    "operatingIncomeRatio": 0.1479646798,
    "totalOtherIncomeExpensesNet": -3857000,
    "incomeBeforeTax": 154625000,
    "incomeBeforeTaxRatio": 0.1402082291,
    "incomeTaxExpense": 26649000,
    "netIncome": 127976000,
    "netIncomeRatio": 0.1160439018,
    "eps": 0.0058,
    "epsdiluted": 0.0055,
    "weightedAverageShsOut": 22328920000,
    "weightedAverageShsOutDil": 22822880000,
    "link": "https://www.sec.gov/Archives/edgar/data/1045810/000104581014000158/0001045810-14-000158-index.htm",
    "finalLink": "https://www.sec.gov/Archives/edgar/data/1045810/000104581014000158/nvda2015q210q.htm"
  },
  {
    "date": "2014-04-27",
    "symbol": "NVDA",
    "reportedCurrency": "USD",
    "cik": "0001045810",
    "fillingDate": "2014-05-21",
    "acceptedDate": "2014-05-21 16:11:13",
    "calendarYear": "2015",
    "period": "Q1",
    "revenue": 1102787000,
    "costOfRevenue": 498585000,
    "grossProfit": 604202000,
    "grossProfitRatio": 0.5478864005,
    "researchAndDevelopmentExpenses": 334263000,
    "generalAndAdministrativeExpenses": 0,
    "sellingAndMarketingExpenses": 0,
    "sellingGeneralAndAdministrativeExpenses": 118580000,
    "otherExpenses": 17684000,
    "operatingExpenses": 452843000,
    "costAndExpenses": 951428000,
    "interestIncome": 5710000,
    "interestExpense": 11471000,
    "depreciationAndAmortization": 55083000,
    "ebitda": 174753000,
    "ebitdaratio": 0.1584648713,
    "operatingIncome": 151359000,
    "operatingIncomeRatio": 0.1372513459,
    "totalOtherIncomeExpensesNet": 17684000,
    "incomeBeforeTax": 163282000,
    "incomeBeforeTaxRatio": 0.1480630439,
    "incomeTaxExpense": 26766000,
    "netIncome": 136516000,
    "netIncomeRatio": 0.1237918111,
    "eps": 0.006,
    "epsdiluted": 0.006,
    "weightedAverageShsOut": 22363680000,
    "weightedAverageShsOutDil": 22816880000,
    "link": "https://www.sec.gov/Archives/edgar/data/1045810/000104581014000085/0001045810-14-000085-index.htm",
    "finalLink": "https://www.sec.gov/Archives/edgar/data/1045810/000104581014000085/nvda2015q110q.htm"
  },
  {
    "date": "2014-01-26",
    "symbol": "NVDA",
    "reportedCurrency": "USD",
    "cik": "0001045810",
    "fillingDate": "2014-03-13",
    "acceptedDate": "2014-03-12 19:18:57",
    "calendarYear": "2014",
    "period": "Q4",
    "revenue": 1144218000,
    "costOfRevenue": 524976000,
    "grossProfit": 619242000,
    "grossProfitRatio": 0.5411923252,
    "researchAndDevelopmentExpenses": 336641000,
    "generalAndAdministrativeExpenses": 0,
    "sellingAndMarketingExpenses": 0,
    "sellingGeneralAndAdministrativeExpenses": 115677000,
    "otherExpenses": 5743000,
    "operatingExpenses": 452318000,
    "costAndExpenses": 977294000,
    "interestIncome": 4156000,
    "interestExpense": 7935000,
    "depreciationAndAmortization": 54838000,
    "ebitda": 176823000,
    "ebitdaratio": 0.1545361111,
    "operatingIncome": 163145000,
    "operatingIncomeRatio": 0.1425820954,
    "totalOtherIncomeExpensesNet": 5743000,
    "incomeBeforeTax": 168888000,
    "incomeBeforeTaxRatio": 0.1476012438,
    "incomeTaxExpense": 21971000,
    "netIncome": 146917000,
    "netIncomeRatio": 0.1283994833,
    "eps": 0.0065,
    "epsdiluted": 0.0063,
    "weightedAverageShsOut": 22739320000,
    "weightedAverageShsOutDil": 23094240000,
    "link": "https://www.sec.gov/Archives/edgar/data/1045810/000104581014000030/0001045810-14-000030-index.htm",
    "finalLink": "https://www.sec.gov/Archives/edgar/data/1045810/000104581014000030/nvda-2014x10k.htm"
  },
  {
    "date": "2013-10-27",
    "symbol": "NVDA",
    "reportedCurrency": "USD",
    "cik": "0001045810",
    "fillingDate": "2013-11-19",
    "acceptedDate": "2013-11-19 16:30:37",
    "calendarYear": "2014",
    "period": "Q3",
    "revenue": 1053967000,
    "costOfRevenue": 469552000,
    "grossProfit": 584415000,
    "grossProfitRatio": 0.5544907953,
    "researchAndDevelopmentExpenses": 340294000,
    "generalAndAdministrativeExpenses": 0,
    "sellingAndMarketingExpenses": 0,
    "sellingGeneralAndAdministrativeExpenses": 103133000,
    "otherExpenses": -3526000,
    "operatingExpenses": 443427000,
    "costAndExpenses": 912979000,
    "interestIncome": 4022000,
    "interestExpense": 4022000,
    "depreciationAndAmortization": 62726000,
    "ebitda": 140988000,
    "ebitdaratio": 0.1337688941,
    "operatingIncome": 140988000,
    "operatingIncomeRatio": 0.1337688941,
    "totalOtherIncomeExpensesNet": -3526000,
    "incomeBeforeTax": 141484000,
    "incomeBeforeTaxRatio": 0.1342394971,
    "incomeTaxExpense": 22750000,
    "netIncome": 118734000,
    "netIncomeRatio": 0.112654381,
    "eps": 0.005,
    "epsdiluted": 0.005,
    "weightedAverageShsOut": 23234800000,
    "weightedAverageShsOutDil": 23550080000,
    "link": "https://www.sec.gov/Archives/edgar/data/1045810/000104581013000109/0001045810-13-000109-index.htm",
    "finalLink": "https://www.sec.gov/Archives/edgar/data/1045810/000104581013000109/nvda2014q310q.htm"
  },
  {
    "date": "2013-07-28",
    "symbol": "NVDA",
    "reportedCurrency": "USD",
    "cik": "0001045810",
    "fillingDate": "2013-08-21",
    "acceptedDate": "2013-08-21 16:25:58",
    "calendarYear": "2014",
    "period": "Q2",
    "revenue": 977238000,
    "costOfRevenue": 431700000,
    "grossProfit": 545538000,
    "grossProfitRatio": 0.5582447674,
    "researchAndDevelopmentExpenses": 331738000,
    "generalAndAdministrativeExpenses": 0,
    "sellingAndMarketingExpenses": 0,
    "sellingGeneralAndAdministrativeExpenses": 108266000,
    "otherExpenses": 2421000,
    "operatingExpenses": 440004000,
    "costAndExpenses": 871704000,
    "interestIncome": 3865000,
    "interestExpense": 3865000,
    "depreciationAndAmortization": 61840000,
    "ebitda": 105534000,
    "ebitdaratio": 0.1079921166,
    "operatingIncome": 105534000,
    "operatingIncomeRatio": 0.1079921166,
    "totalOtherIncomeExpensesNet": 2421000,
    "incomeBeforeTax": 111820000,
    "incomeBeforeTaxRatio": 0.1144245312,
    "incomeTaxExpense": 15372000,
    "netIncome": 96448000,
    "netIncomeRatio": 0.0986944838,
    "eps": 0.004,
    "epsdiluted": 0.004,
    "weightedAverageShsOut": 23413800000,
    "weightedAverageShsOutDil": 23680240000,
    "link": "https://www.sec.gov/Archives/edgar/data/1045810/000104581013000075/0001045810-13-000075-index.htm",
    "finalLink": "https://www.sec.gov/Archives/edgar/data/1045810/000104581013000075/nvda2014q210q.htm"
  },
  {
    "date": "2013-04-28",
    "symbol": "NVDA",
    "reportedCurrency": "USD",
    "cik": "0001045810",
    "fillingDate": "2013-05-22",
    "acceptedDate": "2013-05-22 17:06:15",
    "calendarYear": "2014",
    "period": "Q1",
    "revenue": 954739000,
    "costOfRevenue": 436171000,
    "grossProfit": 518568000,
    "grossProfitRatio": 0.5431515838,
    "researchAndDevelopmentExpenses": 327161000,
    "generalAndAdministrativeExpenses": 0,
    "sellingAndMarketingExpenses": 0,
    "sellingGeneralAndAdministrativeExpenses": 108626000,
    "otherExpenses": 205000,
    "operatingExpenses": 435787000,
    "costAndExpenses": 871958000,
    "interestIncome": 5076000,
    "interestExpense": 5076000,
    "depreciationAndAmortization": 59744000,
    "ebitda": 82781000,
    "ebitdaratio": 0.0867053718,
    "operatingIncome": 82781000,
    "operatingIncomeRatio": 0.0867053718,
    "totalOtherIncomeExpensesNet": 205000,
    "incomeBeforeTax": 88062000,
    "incomeBeforeTaxRatio": 0.0922367265,
    "incomeTaxExpense": 10171000,
    "netIncome": 77891000,
    "netIncomeRatio": 0.0815835532,
    "eps": 0.0033,
    "epsdiluted": 0.0033,
    "weightedAverageShsOut": 24674880000,
    "weightedAverageShsOutDil": 24772080000,
    "link": "https://www.sec.gov/Archives/edgar/data/1045810/000104581013000054/0001045810-13-000054-index.htm",
    "finalLink": "https://www.sec.gov/Archives/edgar/data/1045810/000104581013000054/nvda2014q110q.htm"
  },
  {
    "date": "2013-01-27",
    "symbol": "NVDA",
    "reportedCurrency": "USD",
    "cik": "0001045810",
    "fillingDate": "2013-03-12",
    "acceptedDate": "2013-03-12 17:03:06",
    "calendarYear": "2013",
    "period": "Q4",
    "revenue": 1106902000,
    "costOfRevenue": 521300000,
    "grossProfit": 585602000,
    "grossProfitRatio": 0.5290459318,
    "researchAndDevelopmentExpenses": 298007000,
    "generalAndAdministrativeExpenses": 0,
    "sellingAndMarketingExpenses": 0,
    "sellingGeneralAndAdministrativeExpenses": 104022000,
    "otherExpenses": 1136000,
    "operatingExpenses": 402029000,
    "costAndExpenses": 923329000,
    "interestIncome": 4693000,
    "interestExpense": 1399000,
    "depreciationAndAmortization": 58401000,
    "ebitda": 183573000,
    "ebitdaratio": 0.1658439501,
    "operatingIncome": 183573000,
    "operatingIncomeRatio": 0.1658439501,
    "totalOtherIncomeExpensesNet": 1136000,
    "incomeBeforeTax": 186108000,
    "incomeBeforeTaxRatio": 0.1681341257,
    "incomeTaxExpense": 12135000,
    "netIncome": 173973000,
    "netIncomeRatio": 0.1571710955,
    "eps": 0.007,
    "epsdiluted": 0.007,
    "weightedAverageShsOut": 24806760000,
    "weightedAverageShsOutDil": 24880720000,
    "link": "https://www.sec.gov/Archives/edgar/data/1045810/000104581013000008/0001045810-13-000008-index.htm",
    "finalLink": "https://www.sec.gov/Archives/edgar/data/1045810/000104581013000008/nvda-2013x10k.htm"
  },
  {
    "date": "2012-10-28",
    "symbol": "NVDA",
    "reportedCurrency": "USD",
    "cik": "0001045810",
    "fillingDate": "2012-11-19",
    "acceptedDate": "2012-11-19 16:38:36",
    "calendarYear": "2013",
    "period": "Q3",
    "revenue": 1204110000,
    "costOfRevenue": 567452000,
    "grossProfit": 636658000,
    "grossProfitRatio": 0.5287374077,
    "researchAndDevelopmentExpenses": 284180000,
    "generalAndAdministrativeExpenses": 0,
    "sellingAndMarketingExpenses": 0,
    "sellingGeneralAndAdministrativeExpenses": 100261000,
    "otherExpenses": -3290000,
    "operatingExpenses": 384441000,
    "costAndExpenses": 951893000,
    "interestIncome": 4701000,
    "interestExpense": 4701000,
    "depreciationAndAmortization": 57148000,
    "ebitda": 252217000,
    "ebitdaratio": 0.2094634211,
    "operatingIncome": 252217000,
    "operatingIncomeRatio": 0.2094634211,
    "totalOtherIncomeExpensesNet": -3290000,
    "incomeBeforeTax": 253628000,
    "incomeBeforeTaxRatio": 0.210635241,
    "incomeTaxExpense": 44548000,
    "netIncome": 209080000,
    "netIncomeRatio": 0.1736386211,
    "eps": 0.0085,
    "epsdiluted": 0.0083,
    "weightedAverageShsOut": 24894080000,
    "weightedAverageShsOutDil": 25153800000,
    "link": "https://www.sec.gov/Archives/edgar/data/1045810/000104581012000060/0001045810-12-000060-index.htm",
    "finalLink": "https://www.sec.gov/Archives/edgar/data/1045810/000104581012000060/nvda2013q310q.htm"
  },
  {
    "date": "2012-07-29",
    "symbol": "NVDA",
    "reportedCurrency": "USD",
    "cik": "0001045810",
    "fillingDate": "2012-08-22",
    "acceptedDate": "2012-08-22 16:40:38",
    "calendarYear": "2013",
    "period": "Q2",
    "revenue": 1044270000,
    "costOfRevenue": 503551000,
    "grossProfit": 540719000,
    "grossProfitRatio": 0.5177961638,
    "researchAndDevelopmentExpenses": 281193000,
    "generalAndAdministrativeExpenses": 0,
    "sellingAndMarketingExpenses": 0,
    "sellingGeneralAndAdministrativeExpenses": 119903000,
    "otherExpenses": 269000,
    "operatingExpenses": 401096000,
    "costAndExpenses": 904647000,
    "interestIncome": 5316000,
    "interestExpense": 5316000,
    "depreciationAndAmortization": 56195000,
    "ebitda": 139623000,
    "ebitdaratio": 0.1337039271,
    "operatingIncome": 139623000,
    "operatingIncomeRatio": 0.1337039271,
    "totalOtherIncomeExpensesNet": 269000,
    "incomeBeforeTax": 145208000,
    "incomeBeforeTaxRatio": 0.1390521608,
    "incomeTaxExpense": 26162000,
    "netIncome": 119046000,
    "netIncomeRatio": 0.1139992531,
    "eps": 0.0048,
    "epsdiluted": 0.0048,
    "weightedAverageShsOut": 24759840000,
    "weightedAverageShsOutDil": 24925720000,
    "link": "https://www.sec.gov/Archives/edgar/data/1045810/000104581012000036/0001045810-12-000036-index.htm",
    "finalLink": "https://www.sec.gov/Archives/edgar/data/1045810/000104581012000036/nvda2013q210q.htm"
  },
  {
    "date": "2012-04-29",
    "symbol": "NVDA",
    "reportedCurrency": "USD",
    "cik": "0001045810",
    "fillingDate": "2012-05-23",
    "acceptedDate": "2012-05-23 16:32:57",
    "calendarYear": "2013",
    "period": "Q1",
    "revenue": 924877000,
    "costOfRevenue": 461513000,
    "grossProfit": 463364000,
    "grossProfitRatio": 0.5010006736,
    "researchAndDevelopmentExpenses": 283902000,
    "generalAndAdministrativeExpenses": 0,
    "sellingAndMarketingExpenses": 0,
    "sellingGeneralAndAdministrativeExpenses": 106636000,
    "otherExpenses": -929000,
    "operatingExpenses": 390538000,
    "costAndExpenses": 852051000,
    "interestIncome": 5198000,
    "interestExpense": 5198000,
    "depreciationAndAmortization": 54491000,
    "ebitda": 72826000,
    "ebitdaratio": 0.0787412813,
    "operatingIncome": 72826000,
    "operatingIncomeRatio": 0.0787412813,
    "totalOtherIncomeExpensesNet": -929000,
    "incomeBeforeTax": 77095000,
    "incomeBeforeTaxRatio": 0.0833570302,
    "incomeTaxExpense": 16658000,
    "netIncome": 60437000,
    "netIncomeRatio": 0.0653459865,
    "eps": 0.0025,
    "epsdiluted": 0.0025,
    "weightedAverageShsOut": 24631200000,
    "weightedAverageShsOutDil": 24951440000,
    "link": "https://www.sec.gov/Archives/edgar/data/1045810/000104581012000027/0001045810-12-000027-index.htm",
    "finalLink": "https://www.sec.gov/Archives/edgar/data/1045810/000104581012000027/nvda2013q110q.htm"
  },
  {
    "date": "2012-01-29",
    "symbol": "NVDA",
    "reportedCurrency": "USD",
    "cik": "0001045810",
    "fillingDate": "2012-03-13",
    "acceptedDate": "2012-03-13 16:56:38",
    "calendarYear": "2012",
    "period": "Q4",
    "revenue": 953194000,
    "costOfRevenue": 463181000,
    "grossProfit": 490013000,
    "grossProfitRatio": 0.5140747844,
    "researchAndDevelopmentExpenses": 266862000,
    "generalAndAdministrativeExpenses": 0,
    "sellingAndMarketingExpenses": 0,
    "sellingGeneralAndAdministrativeExpenses": 100834000,
    "otherExpenses": 0,
    "operatingExpenses": 367696000,
    "costAndExpenses": 830877000,
    "interestIncome": 4213000,
    "interestExpense": 1124000,
    "depreciationAndAmortization": 51895000,
    "ebitda": 122317000,
    "ebitdaratio": 0.1283233004,
    "operatingIncome": 122317000,
    "operatingIncomeRatio": 0.1283233004,
    "totalOtherIncomeExpensesNet": 1136000,
    "incomeBeforeTax": 124577000,
    "incomeBeforeTaxRatio": 0.1306942763,
    "incomeTaxExpense": 8552000,
    "netIncome": 116025000,
    "netIncomeRatio": 0.1217223356,
    "eps": 0.0048,
    "epsdiluted": 0.0048,
    "weightedAverageShsOut": 24457280000,
    "weightedAverageShsOutDil": 24743960000,
    "link": "https://www.sec.gov/Archives/edgar/data/1045810/000104581012000013/0001045810-12-000013-index.htm",
    "finalLink": "https://www.sec.gov/Archives/edgar/data/1045810/000104581012000013/nvda-2012x10k.htm"
  },
  {
    "date": "2011-10-30",
    "symbol": "NVDA",
    "reportedCurrency": "USD",
    "cik": "0001045810",
    "fillingDate": "2011-11-22",
    "acceptedDate": "2011-11-22 16:31:51",
    "calendarYear": "2012",
    "period": "Q3",
    "revenue": 1066180000,
    "costOfRevenue": 509463000,
    "grossProfit": 556717000,
    "grossProfitRatio": 0.5221604232,
    "researchAndDevelopmentExpenses": 256498000,
    "generalAndAdministrativeExpenses": 0,
    "sellingAndMarketingExpenses": 0,
    "sellingGeneralAndAdministrativeExpenses": 103129000,
    "otherExpenses": 0,
    "operatingExpenses": 359627000,
    "costAndExpenses": 869090000,
    "interestIncome": 4356000,
    "interestExpense": 4356000,
    "depreciationAndAmortization": 52387000,
    "ebitda": 197090000,
    "ebitdaratio": 0.1848562156,
    "operatingIncome": 197090000,
    "operatingIncomeRatio": 0.1848562156,
    "totalOtherIncomeExpensesNet": 3341000,
    "incomeBeforeTax": 204787000,
    "incomeBeforeTaxRatio": 0.1920754469,
    "incomeTaxExpense": 26514000,
    "netIncome": 178273000,
    "netIncomeRatio": 0.1672072258,
    "eps": 0.0073,
    "epsdiluted": 0.0073,
    "weightedAverageShsOut": 24282520000,
    "weightedAverageShsOutDil": 24542400000,
    "link": "https://www.sec.gov/Archives/edgar/data/1045810/000104581011000056/0001045810-11-000056-index.htm",
    "finalLink": "https://www.sec.gov/Archives/edgar/data/1045810/000104581011000056/nvda2011q310q.htm"
  },
  {
    "date": "2011-07-31",
    "symbol": "NVDA",
    "reportedCurrency": "USD",
    "cik": "0001045810",
    "fillingDate": "2011-08-25",
    "acceptedDate": "2011-08-25 16:18:41",
    "calendarYear": "2012",
    "period": "Q2",
    "revenue": 1016517000,
    "costOfRevenue": 491233000,
    "grossProfit": 525284000,
    "grossProfitRatio": 0.5167488591,
    "researchAndDevelopmentExpenses": 247721000,
    "generalAndAdministrativeExpenses": 0,
    "sellingAndMarketingExpenses": 0,
    "sellingGeneralAndAdministrativeExpenses": 103533000,
    "otherExpenses": 0,
    "operatingExpenses": 351254000,
    "costAndExpenses": 842487000,
    "interestIncome": 5266000,
    "interestExpense": 5266000,
    "depreciationAndAmortization": 52159000,
    "ebitda": 174030000,
    "ebitdaratio": 0.1712022524,
    "operatingIncome": 174030000,
    "operatingIncomeRatio": 0.1712022524,
    "totalOtherIncomeExpensesNet": -1749000,
    "incomeBeforeTax": 177547000,
    "incomeBeforeTaxRatio": 0.174662106,
    "incomeTaxExpense": 25974000,
    "netIncome": 151573000,
    "netIncomeRatio": 0.1491101477,
    "eps": 0.0063,
    "epsdiluted": 0.0063,
    "weightedAverageShsOut": 24053600000,
    "weightedAverageShsOutDil": 24557360000,
    "link": "https://www.sec.gov/Archives/edgar/data/1045810/000104581011000046/0001045810-11-000046-index.htm",
    "finalLink": "https://www.sec.gov/Archives/edgar/data/1045810/000104581011000046/q212form10q.htm"
  },
  {
    "date": "2011-05-01",
    "symbol": "NVDA",
    "reportedCurrency": "USD",
    "cik": "0001045810",
    "fillingDate": "2011-05-27",
    "acceptedDate": "2011-05-27 17:08:28",
    "calendarYear": "2012",
    "period": "Q1",
    "revenue": 962039000,
    "costOfRevenue": 477536000,
    "grossProfit": 484503000,
    "grossProfitRatio": 0.5036209551,
    "researchAndDevelopmentExpenses": 231524000,
    "generalAndAdministrativeExpenses": 0,
    "sellingAndMarketingExpenses": 0,
    "sellingGeneralAndAdministrativeExpenses": 98117000,
    "otherExpenses": 0,
    "operatingExpenses": 329641000,
    "costAndExpenses": 807177000,
    "interestIncome": 5313000,
    "interestExpense": 5313000,
    "depreciationAndAmortization": 47764000,
    "ebitda": 154862000,
    "ebitdaratio": 0.1609726841,
    "operatingIncome": 154862000,
    "operatingIncomeRatio": 0.1609726841,
    "totalOtherIncomeExpensesNet": -3690000,
    "incomeBeforeTax": 156485000,
    "incomeBeforeTaxRatio": 0.1626597259,
    "incomeTaxExpense": 21266000,
    "netIncome": 135219000,
    "netIncomeRatio": 0.1405545929,
    "eps": 0.0058,
    "epsdiluted": 0.0055,
    "weightedAverageShsOut": 23792080000,
    "weightedAverageShsOutDil": 24538960000,
    "link": "https://www.sec.gov/Archives/edgar/data/1045810/000104581011000031/0001045810-11-000031-index.htm",
    "finalLink": "https://www.sec.gov/Archives/edgar/data/1045810/000104581011000031/q112form10q.htm"
  },
  {
    "date": "2011-01-30",
    "symbol": "NVDA",
    "reportedCurrency": "USD",
    "cik": "0001045810",
    "fillingDate": "2011-03-16",
    "acceptedDate": "2011-03-16 16:33:51",
    "calendarYear": "2011",
    "period": "Q4",
    "revenue": 886376000,
    "costOfRevenue": 460017000,
    "grossProfit": 426359000,
    "grossProfitRatio": 0.4810137007,
    "researchAndDevelopmentExpenses": 215563000,
    "generalAndAdministrativeExpenses": 0,
    "sellingAndMarketingExpenses": 0,
    "sellingGeneralAndAdministrativeExpenses": 145018000,
    "otherExpenses": 0,
    "operatingExpenses": 246581000,
    "costAndExpenses": 706598000,
    "interestIncome": 4461000,
    "interestExpense": -14596000,
    "depreciationAndAmortization": 46393000,
    "ebitda": 239926000,
    "ebitdaratio": 0.2706819679,
    "operatingIncome": 179778000,
    "operatingIncomeRatio": 0.2028236324,
    "totalOtherIncomeExpensesNet": 4794000,
    "incomeBeforeTax": 185906000,
    "incomeBeforeTaxRatio": 0.209737177,
    "incomeTaxExpense": 14255000,
    "netIncome": 171651000,
    "netIncomeRatio": 0.1936548372,
    "eps": 0.0071,
    "epsdiluted": 0.0071,
    "weightedAverageShsOut": 23337920000,
    "weightedAverageShsOutDil": 24064000000,
    "link": "https://www.sec.gov/Archives/edgar/data/1045810/000104581011000015/0001045810-11-000015-index.htm",
    "finalLink": "https://www.sec.gov/Archives/edgar/data/1045810/000104581011000015/fy2011form10k.htm"
  },
  {
    "date": "2010-10-31",
    "symbol": "NVDA",
    "reportedCurrency": "USD",
    "cik": "0001045810",
    "fillingDate": "2010-12-07",
    "acceptedDate": "2010-12-07 16:44:42",
    "calendarYear": "2011",
    "period": "Q3",
    "revenue": 843912000,
    "costOfRevenue": 451850000,
    "grossProfit": 392062000,
    "grossProfitRatio": 0.4645768753,
    "researchAndDevelopmentExpenses": 204527000,
    "generalAndAdministrativeExpenses": 0,
    "sellingAndMarketingExpenses": 0,
    "sellingGeneralAndAdministrativeExpenses": 83752000,
    "otherExpenses": 0,
    "operatingExpenses": 288279000,
    "costAndExpenses": 740129000,
    "interestIncome": 4220000,
    "interestExpense": 4220000,
    "depreciationAndAmortization": 46876000,
    "ebitda": 103783000,
    "ebitdaratio": 0.1229784622,
    "operatingIncome": 103783000,
    "operatingIncomeRatio": 0.1229784622,
    "totalOtherIncomeExpensesNet": -4418000,
    "incomeBeforeTax": 103585000,
    "incomeBeforeTaxRatio": 0.1227438406,
    "incomeTaxExpense": 18723000,
    "netIncome": 84862000,
    "netIncomeRatio": 0.1005578781,
    "eps": 0.0038,
    "epsdiluted": 0.0038,
    "weightedAverageShsOut": 23092920000,
    "weightedAverageShsOutDil": 23305920000,
    "link": "https://www.sec.gov/Archives/edgar/data/1045810/000104581010000045/0001045810-10-000045-index.htm",
    "finalLink": "https://www.sec.gov/Archives/edgar/data/1045810/000104581010000045/q311form10q.htm"
  },
  {
    "date": "2010-08-01",
    "symbol": "NVDA",
    "reportedCurrency": "USD",
    "cik": "0001045810",
    "fillingDate": "2010-08-30",
    "acceptedDate": "2010-08-30 16:18:13",
    "calendarYear": "2011",
    "period": "Q2",
    "revenue": 811208000,
    "costOfRevenue": 676916000,
    "grossProfit": 134292000,
    "grossProfitRatio": 0.1655457047,
    "researchAndDevelopmentExpenses": 210635000,
    "generalAndAdministrativeExpenses": 0,
    "sellingAndMarketingExpenses": 0,
    "sellingGeneralAndAdministrativeExpenses": 98864000,
    "otherExpenses": 0,
    "operatingExpenses": 309499000,
    "costAndExpenses": 986415000,
    "interestIncome": 4805000,
    "interestExpense": 4805000,
    "depreciationAndAmortization": 46573000,
    "ebitda": -175207000,
    "ebitdaratio": -0.2159828305,
    "operatingIncome": -175207000,
    "operatingIncomeRatio": -0.2159828305,
    "totalOtherIncomeExpensesNet": 1355000,
    "incomeBeforeTax": -169047000,
    "incomeBeforeTaxRatio": -0.2083892171,
    "incomeTaxExpense": -28086000,
    "netIncome": -140961000,
    "netIncomeRatio": -0.1737667774,
    "eps": -0.0062,
    "epsdiluted": -0.0062,
    "weightedAverageShsOut": 22910560000,
    "weightedAverageShsOutDil": 22910560000,
    "link": "https://www.sec.gov/Archives/edgar/data/1045810/000104581010000029/0001045810-10-000029-index.htm",
    "finalLink": "https://www.sec.gov/Archives/edgar/data/1045810/000104581010000029/q211form10q.htm"
  },
  {
    "date": "2010-05-02",
    "symbol": "NVDA",
    "reportedCurrency": "USD",
    "cik": "0001045810",
    "fillingDate": "2010-05-21",
    "acceptedDate": "2010-05-21 16:36:56",
    "calendarYear": "2011",
    "period": "Q1",
    "revenue": 1001813000,
    "costOfRevenue": 545436000,
    "grossProfit": 456377000,
    "grossProfitRatio": 0.4555510859,
    "researchAndDevelopmentExpenses": 218105000,
    "generalAndAdministrativeExpenses": 0,
    "sellingAndMarketingExpenses": 0,
    "sellingGeneralAndAdministrativeExpenses": 90879000,
    "otherExpenses": 0,
    "operatingExpenses": 308984000,
    "costAndExpenses": 854420000,
    "interestIncome": 5571000,
    "interestExpense": 5571000,
    "depreciationAndAmortization": 47147000,
    "ebitda": 144061000,
    "ebitdaratio": 0.1438002901,
    "operatingIncome": 147393000,
    "operatingIncomeRatio": 0.1471262601,
    "totalOtherIncomeExpensesNet": 3332000,
    "incomeBeforeTax": 150725000,
    "incomeBeforeTaxRatio": 0.1504522301,
    "incomeTaxExpense": 13131000,
    "netIncome": 137594000,
    "netIncomeRatio": 0.1373449935,
    "eps": 0.006,
    "epsdiluted": 0.0058,
    "weightedAverageShsOut": 22687320000,
    "weightedAverageShsOutDil": 23639880000,
    "link": "https://www.sec.gov/Archives/edgar/data/1045810/000104581010000018/0001045810-10-000018-index.htm",
    "finalLink": "https://www.sec.gov/Archives/edgar/data/1045810/000104581010000018/q111form10q.htm"
  },
  {
    "date": "2010-01-31",
    "symbol": "NVDA",
    "reportedCurrency": "USD",
    "cik": "0001045810",
    "fillingDate": "2010-03-18",
    "acceptedDate": "2010-03-17 19:16:55",
    "calendarYear": "2010",
    "period": "Q4",
    "revenue": 982488000,
    "costOfRevenue": 543767000,
    "grossProfit": 438721000,
    "grossProfitRatio": 0.4465408229,
    "researchAndDevelopmentExpenses": 216251000,
    "generalAndAdministrativeExpenses": 0,
    "sellingAndMarketingExpenses": 0,
    "sellingGeneralAndAdministrativeExpenses": 88188000,
    "otherExpenses": 0,
    "operatingExpenses": 304439000,
    "costAndExpenses": 848206000,
    "interestIncome": 5768000,
    "interestExpense": -20667000,
    "depreciationAndAmortization": 47914000,
    "ebitda": 199476000,
    "ebitdaratio": 0.2030314874,
    "operatingIncome": 134282000,
    "operatingIncomeRatio": 0.1366754607,
    "totalOtherIncomeExpensesNet": 2691000,
    "incomeBeforeTax": 139421000,
    "incomeBeforeTaxRatio": 0.1419060589,
    "incomeTaxExpense": 8345000,
    "netIncome": 131076000,
    "netIncomeRatio": 0.1334123165,
    "eps": 0.0057,
    "epsdiluted": 0.0057,
    "weightedAverageShsOut": 22323400000,
    "weightedAverageShsOutDil": 22976000000,
    "link": "https://www.sec.gov/Archives/edgar/data/1045810/000104581010000006/0001045810-10-000006-index.htm",
    "finalLink": "https://www.sec.gov/Archives/edgar/data/1045810/000104581010000006/fy2010form10k.htm"
  },
  {
    "date": "2009-10-25",
    "symbol": "NVDA",
    "reportedCurrency": "USD",
    "cik": "0001045810",
    "fillingDate": "2009-11-19",
    "acceptedDate": "2009-11-19 09:03:13",
    "calendarYear": "2010",
    "period": "Q3",
    "revenue": 903206000,
    "costOfRevenue": 511423000,
    "grossProfit": 391783000,
    "grossProfitRatio": 0.4337692619,
    "researchAndDevelopmentExpenses": 197948000,
    "generalAndAdministrativeExpenses": 0,
    "sellingAndMarketingExpenses": 0,
    "sellingGeneralAndAdministrativeExpenses": 85990000,
    "otherExpenses": 0,
    "operatingExpenses": 283938000,
    "costAndExpenses": 795361000,
    "interestIncome": 5444000,
    "interestExpense": 5444000,
    "depreciationAndAmortization": 48770000,
    "ebitda": 105483000,
    "ebitdaratio": 0.116787311,
    "operatingIncome": 107845000,
    "operatingIncomeRatio": 0.1194024398,
    "totalOtherIncomeExpensesNet": 2362000,
    "incomeBeforeTax": 110207000,
    "incomeBeforeTaxRatio": 0.1220175685,
    "incomeTaxExpense": 2630000,
    "netIncome": 107577000,
    "netIncomeRatio": 0.119105719,
    "eps": 0.005,
    "epsdiluted": 0.0048,
    "weightedAverageShsOut": 22051320000,
    "weightedAverageShsOutDil": 22975240000,
    "link": "https://www.sec.gov/Archives/edgar/data/1045810/000104581009000036/0001045810-09-000036-index.htm",
    "finalLink": "https://www.sec.gov/Archives/edgar/data/1045810/000104581009000036/q310form10q.htm"
  }
]