[
  {
    "date": "2024-09-28",
    "symbol": "INTC",
    "reportedCurrency": "USD",
    "cik": "0000050863",
    "fillingDate": "2024-11-01",
    "acceptedDate": "2024-10-31 18:13:27",
    "calendarYear": "2024",
    "period": "Q3",
    "revenue": 13284000000,
    "costOfRevenue": 11287000000,
    "grossProfit": 1997000000,
    "grossProfitRatio": 0.1503312255,
    "researchAndDevelopmentExpenses": 4049000000,
    "generalAndAdministrativeExpenses": 0,
    "sellingAndMarketingExpenses": 0,
    "sellingGeneralAndAdministrativeExpenses": 1383000000,
    "otherExpenses": 5622000000,
    "operatingExpenses": 11054000000,
    "costAndExpenses": 22341000000,
    "interestIncome": 0,
    "interestExpense": 0,
    "depreciationAndAmortization": 3612000000,
    "ebitda": -9057000000,
    "ebitdaratio": -0.6817976513,
    "operatingIncome": -9057000000,
    "operatingIncomeRatio": -0.6817976513,
    "totalOtherIncomeExpensesNet": -29000000,
    "incomeBeforeTax": -9086000000,
    "incomeBeforeTaxRatio": -0.6839807287,
    "incomeTaxExpense": 7553000000,
    "netIncome": -16639000000,
    "netIncomeRatio": -1.25255947,
    "eps": -3.88,
    "epsdiluted": -3.88,
    "weightedAverageShsOut": 4292000000,
    "weightedAverageShsOutDil": 4292000000,
    "link": "https://www.sec.gov/Archives/edgar/data/50863/000005086324000149/0000050863-24-000149-index.htm",
    "finalLink": "https://www.sec.gov/Archives/edgar/data/50863/000005086324000149/intc-20240928.htm"
  },
  {
    "date": "2024-06-29",
    "symbol": "INTC",
    "reportedCurrency": "USD",
    "cik": "0000050863",
    "fillingDate": "2024-08-02",
    "acceptedDate": "2024-08-01 18:26:52",
    "calendarYear": "2024",
    "period": "Q2",
    "revenue": 12833000000,
    "costOfRevenue": 8286000000,
    "grossProfit": 4547000000,
    "grossProfitRatio": 0.3543208915,
    "researchAndDevelopmentExpenses": 4239000000,
    "generalAndAdministrativeExpenses": 0,
    "sellingAndMarketingExpenses": 0,
    "sellingGeneralAndAdministrativeExpenses": 1329000000,
    "otherExpenses": 943000000,
    "operatingExpenses": 5568000000,
    "costAndExpenses": 13854000000,
    "interestIncome": 320000000,
    "interestExpense": 294000000,
    "depreciationAndAmortization": 2569000000,
    "ebitda": 1548000000,
    "ebitdaratio": 0.1206265098,
    "operatingIncome": -1021000000,
    "operatingIncomeRatio": -0.0795605081,
    "totalOtherIncomeExpensesNet": -983000000,
    "incomeBeforeTax": -2004000000,
    "incomeBeforeTaxRatio": -0.1561599003,
    "incomeTaxExpense": -350000000,
    "netIncome": -1610000000,
    "netIncomeRatio": -0.1254578041,
    "eps": -0.38,
    "epsdiluted": -0.38,
    "weightedAverageShsOut": 4267000000,
    "weightedAverageShsOutDil": 4267000000,
    "link": "https://www.sec.gov/Archives/edgar/data/50863/000005086324000124/0000050863-24-000124-index.htm",
    "finalLink": "https://www.sec.gov/Archives/edgar/data/50863/000005086324000124/intc-20240629.htm"
  },
  {
    "date": "2024-03-31",
    "symbol": "INTC",
    "reportedCurrency": "USD",
    "cik": "0000050863",
    "fillingDate": "2024-04-25",
    "acceptedDate": "2024-04-25 16:09:45",
    "calendarYear": "2024",
    "period": "Q1",
    "revenue": 12724000000,
    "costOfRevenue": 7507000000,
    "grossProfit": 5217000000,
    "grossProfitRatio": 0.4100125747,
    "researchAndDevelopmentExpenses": 4382000000,
    "generalAndAdministrativeExpenses": 0,
    "sellingAndMarketingExpenses": 0,
    "sellingGeneralAndAdministrativeExpenses": 1556000000,
    "otherExpenses": 348000000,
    "operatingExpenses": 5938000000,
    "costAndExpenses": 13445000000,
    "interestIncome": 323000000,
    "interestExpense": 258000000,
    "depreciationAndAmortization": 2551000000,
    "ebitda": 2233000000,
    "ebitdaratio": 0.1754951273,
    "operatingIncome": -1069000000,
    "operatingIncomeRatio": -0.0840144609,
    "totalOtherIncomeExpensesNet": -143000000,
    "incomeBeforeTax": -719000000,
    "incomeBeforeTaxRatio": -0.0565073876,
    "incomeTaxExpense": -282000000,
    "netIncome": -381000000,
    "netIncomeRatio": -0.029943414,
    "eps": -0.0898,
    "epsdiluted": -0.0898,
    "weightedAverageShsOut": 4242000000,
    "weightedAverageShsOutDil": 4242000000,
    "link": "https://www.sec.gov/Archives/edgar/data/50863/000005086324000074/0000050863-24-000074-index.htm",
    "finalLink": "https://www.sec.gov/Archives/edgar/data/50863/000005086324000074/q124_earningsrelease.htm"
  },
  {
    "date": "2023-12-30",
    "symbol": "INTC",
    "reportedCurrency": "USD",
    "cik": "0000050863",
    "fillingDate": "2024-01-26",
    "acceptedDate": "2024-01-25 18:38:16",
    "calendarYear": "2023",
    "period": "Q4",
    "revenue": 15406000000,
    "costOfRevenue": 8359000000,
    "grossProfit": 7047000000,
    "grossProfitRatio": 0.4574191873,
    "researchAndDevelopmentExpenses": 3987000000,
    "generalAndAdministrativeExpenses": 667000000,
    "sellingAndMarketingExpenses": 950000000,
    "sellingGeneralAndAdministrativeExpenses": 1617000000,
    "otherExpenses": 0,
    "operatingExpenses": 5604000000,
    "costAndExpenses": 13963000000,
    "interestIncome": 356000000,
    "interestExpense": 267000000,
    "depreciationAndAmortization": 2513000000,
    "ebitda": 4340000000,
    "ebitdaratio": 0.2817084253,
    "operatingIncome": 2585000000,
    "operatingIncomeRatio": 0.1677917694,
    "totalOtherIncomeExpensesNet": 1228000000,
    "incomeBeforeTax": 2788000000,
    "incomeBeforeTaxRatio": 0.1809684538,
    "incomeTaxExpense": 128000000,
    "netIncome": 2669000000,
    "netIncomeRatio": 0.1732441906,
    "eps": 0.63,
    "epsdiluted": 0.63,
    "weightedAverageShsOut": 4222000000,
    "weightedAverageShsOutDil": 4260000000,
    "link": "https://www.sec.gov/Archives/edgar/data/50863/000005086324000010/0000050863-24-000010-index.htm",
    "finalLink": "https://www.sec.gov/Archives/edgar/data/50863/000005086324000010/intc-20231230.htm"
  },
  {
    "date": "2023-09-30",
    "symbol": "INTC",
    "reportedCurrency": "USD",
    "cik": "0000050863",
    "fillingDate": "2023-10-27",
    "acceptedDate": "2023-10-26 18:34:47",
    "calendarYear": "2023",
    "period": "Q3",
    "revenue": 14158000000,
    "costOfRevenue": 8140000000,
    "grossProfit": 6018000000,
    "grossProfitRatio": 0.4250600367,
    "researchAndDevelopmentExpenses": 3870000000,
    "generalAndAdministrativeExpenses": 0,
    "sellingAndMarketingExpenses": 0,
    "sellingGeneralAndAdministrativeExpenses": 1340000000,
    "otherExpenses": 0,
    "operatingExpenses": 5210000000,
    "costAndExpenses": 13350000000,
    "interestIncome": 332000000,
    "interestExpense": 204000000,
    "depreciationAndAmortization": 2447000000,
    "ebitda": 3606000000,
    "ebitdaratio": 0.2546969911,
    "operatingIncome": -8000000,
    "operatingIncomeRatio": -0.0005650516,
    "totalOtherIncomeExpensesNet": -1007000000,
    "incomeBeforeTax": -52000000,
    "incomeBeforeTaxRatio": -0.0036728351,
    "incomeTaxExpense": -362000000,
    "netIncome": 297000000,
    "netIncomeRatio": 0.0209775392,
    "eps": 0.07,
    "epsdiluted": 0.07,
    "weightedAverageShsOut": 4202000000,
    "weightedAverageShsOutDil": 4229000000,
    "link": "https://www.sec.gov/Archives/edgar/data/50863/000005086323000103/0000050863-23-000103-index.htm",
    "finalLink": "https://www.sec.gov/Archives/edgar/data/50863/000005086323000103/intc-20230930.htm"
  },
  {
    "date": "2023-07-01",
    "symbol": "INTC",
    "reportedCurrency": "USD",
    "cik": "0000050863",
    "fillingDate": "2023-07-28",
    "acceptedDate": "2023-07-27 18:13:00",
    "calendarYear": "2023",
    "period": "Q2",
    "revenue": 12949000000,
    "costOfRevenue": 8311000000,
    "grossProfit": 4638000000,
    "grossProfitRatio": 0.3581743764,
    "researchAndDevelopmentExpenses": 4080000000,
    "generalAndAdministrativeExpenses": 0,
    "sellingAndMarketingExpenses": 0,
    "sellingGeneralAndAdministrativeExpenses": 1374000000,
    "otherExpenses": 200000000,
    "operatingExpenses": 5454000000,
    "costAndExpenses": 13765000000,
    "interestIncome": 313000000,
    "interestExpense": 214000000,
    "depreciationAndAmortization": 2276000000,
    "ebitda": 1898000000,
    "ebitdaratio": 0.1465750251,
    "operatingIncome": -1016000000,
    "operatingIncomeRatio": -0.0784616573,
    "totalOtherIncomeExpensesNet": -224000000,
    "incomeBeforeTax": -816000000,
    "incomeBeforeTaxRatio": -0.0630164491,
    "incomeTaxExpense": -2289000000,
    "netIncome": 1481000000,
    "netIncomeRatio": 0.1143717662,
    "eps": 0.35,
    "epsdiluted": 0.35,
    "weightedAverageShsOut": 4182000000,
    "weightedAverageShsOutDil": 4196000000,
    "link": "https://www.sec.gov/Archives/edgar/data/50863/000005086323000069/0000050863-23-000069-index.htm",
    "finalLink": "https://www.sec.gov/Archives/edgar/data/50863/000005086323000069/intc-20230701.htm"
  },
  {
    "date": "2023-04-01",
    "symbol": "INTC",
    "reportedCurrency": "USD",
    "cik": "0000050863",
    "fillingDate": "2023-04-28",
    "acceptedDate": "2023-04-27 18:25:04",
    "calendarYear": "2023",
    "period": "Q1",
    "revenue": 11715000000,
    "costOfRevenue": 7707000000,
    "grossProfit": 4008000000,
    "grossProfitRatio": 0.3421254802,
    "researchAndDevelopmentExpenses": 4109000000,
    "generalAndAdministrativeExpenses": 0,
    "sellingAndMarketingExpenses": 0,
    "sellingGeneralAndAdministrativeExpenses": 1303000000,
    "otherExpenses": 64000000,
    "operatingExpenses": 5412000000,
    "costAndExpenses": 13119000000,
    "interestIncome": 334000000,
    "interestExpense": 193000000,
    "depreciationAndAmortization": 2366000000,
    "ebitda": 1296000000,
    "ebitdaratio": 0.1106274008,
    "operatingIncome": -1468000000,
    "operatingIncomeRatio": -0.1253094324,
    "totalOtherIncomeExpensesNet": 105000000,
    "incomeBeforeTax": -1158000000,
    "incomeBeforeTaxRatio": -0.0988476312,
    "incomeTaxExpense": 1610000000,
    "netIncome": -2758000000,
    "netIncomeRatio": -0.2354246692,
    "eps": -0.66,
    "epsdiluted": -0.66,
    "weightedAverageShsOut": 4154000000,
    "weightedAverageShsOutDil": 4154000000,
    "link": "https://www.sec.gov/Archives/edgar/data/50863/000005086323000028/0000050863-23-000028-index.htm",
    "finalLink": "https://www.sec.gov/Archives/edgar/data/50863/000005086323000028/intc-20230401.htm"
  },
  {
    "date": "2022-12-31",
    "symbol": "INTC",
    "reportedCurrency": "USD",
    "cik": "0000050863",
    "fillingDate": "2023-01-27",
    "acceptedDate": "2023-01-26 18:31:20",
    "calendarYear": "2022",
    "period": "Q4",
    "revenue": 14042000000,
    "costOfRevenue": 8542000000,
    "grossProfit": 5500000000,
    "grossProfitRatio": 0.3916820966,
    "researchAndDevelopmentExpenses": 4464000000,
    "generalAndAdministrativeExpenses": 506000000,
    "sellingAndMarketingExpenses": 1200000000,
    "sellingGeneralAndAdministrativeExpenses": 1706000000,
    "otherExpenses": 0,
    "operatingExpenses": 6170000000,
    "costAndExpenses": 14712000000,
    "interestIncome": 274000000,
    "interestExpense": 149000000,
    "depreciationAndAmortization": 3287000000,
    "ebitda": 2916000000,
    "ebitdaratio": 0.2076627261,
    "operatingIncome": -1132000000,
    "operatingIncomeRatio": -0.080615297,
    "totalOtherIncomeExpensesNet": -276000000,
    "incomeBeforeTax": -796000000,
    "incomeBeforeTaxRatio": -0.0566870816,
    "incomeTaxExpense": -135000000,
    "netIncome": -664000000,
    "netIncomeRatio": -0.0472867113,
    "eps": -0.16,
    "epsdiluted": -0.16,
    "weightedAverageShsOut": 4133000000,
    "weightedAverageShsOutDil": 4133000000,
    "link": "https://www.sec.gov/Archives/edgar/data/50863/000005086323000006/0000050863-23-000006-index.htm",
    "finalLink": "https://www.sec.gov/Archives/edgar/data/50863/000005086323000006/intc-20221231.htm"
  },
  {
    "date": "2022-10-01",
    "symbol": "INTC",
    "reportedCurrency": "USD",
    "cik": "0000050863",
    "fillingDate": "2022-10-28",
    "acceptedDate": "2022-10-27 18:30:22",
    "calendarYear": "2022",
    "period": "Q3",
    "revenue": 15338000000,
    "costOfRevenue": 8803000000,
    "grossProfit": 6535000000,
    "grossProfitRatio": 0.4260659799,
    "researchAndDevelopmentExpenses": 4302000000,
    "generalAndAdministrativeExpenses": 0,
    "sellingAndMarketingExpenses": 0,
    "sellingGeneralAndAdministrativeExpenses": 1744000000,
    "otherExpenses": 664000000,
    "operatingExpenses": 6046000000,
    "costAndExpenses": 14849000000,
    "interestIncome": 170000000,
    "interestExpense": 114000000,
    "depreciationAndAmortization": 3252000000,
    "ebitda": 11052000000,
    "ebitdaratio": 0.7205633068,
    "operatingIncome": -175000000,
    "operatingIncomeRatio": -0.011409571,
    "totalOtherIncomeExpensesNet": -815000000,
    "incomeBeforeTax": -188000000,
    "incomeBeforeTaxRatio": -0.0122571391,
    "incomeTaxExpense": -1207000000,
    "netIncome": 1019000000,
    "netIncomeRatio": 0.066436302,
    "eps": 0.25,
    "epsdiluted": 0.25,
    "weightedAverageShsOut": 4118000000,
    "weightedAverageShsOutDil": 4125000000,
    "link": "https://www.sec.gov/Archives/edgar/data/50863/000005086322000038/0000050863-22-000038-index.htm",
    "finalLink": "https://www.sec.gov/Archives/edgar/data/50863/000005086322000038/intc-20221001.htm"
  },
  {
    "date": "2022-07-02",
    "symbol": "INTC",
    "reportedCurrency": "USD",
    "cik": "0000050863",
    "fillingDate": "2022-07-29",
    "acceptedDate": "2022-07-28 18:52:49",
    "calendarYear": "2022",
    "period": "Q2",
    "revenue": 15321000000,
    "costOfRevenue": 9734000000,
    "grossProfit": 5587000000,
    "grossProfitRatio": 0.364662881,
    "researchAndDevelopmentExpenses": 4400000000,
    "generalAndAdministrativeExpenses": 0,
    "sellingAndMarketingExpenses": 0,
    "sellingGeneralAndAdministrativeExpenses": 1800000000,
    "otherExpenses": -108000000,
    "operatingExpenses": 6200000000,
    "costAndExpenses": 15934000000,
    "interestIncome": 98000000,
    "interestExpense": 119000000,
    "depreciationAndAmortization": 3148000000,
    "ebitda": 2535000000,
    "ebitdaratio": 0.1654591737,
    "operatingIncome": -700000000,
    "operatingIncomeRatio": -0.0456889237,
    "totalOtherIncomeExpensesNet": -177000000,
    "incomeBeforeTax": -909000000,
    "incomeBeforeTaxRatio": -0.0593303309,
    "incomeTaxExpense": -455000000,
    "netIncome": -454000000,
    "netIncomeRatio": -0.0296325305,
    "eps": -0.11,
    "epsdiluted": -0.11,
    "weightedAverageShsOut": 4100000000,
    "weightedAverageShsOutDil": 4100000000,
    "link": "https://www.sec.gov/Archives/edgar/data/50863/000005086322000030/0000050863-22-000030-index.htm",
    "finalLink": "https://www.sec.gov/Archives/edgar/data/50863/000005086322000030/intc-20220702.htm"
  },
  {
    "date": "2022-04-02",
    "symbol": "INTC",
    "reportedCurrency": "USD",
    "cik": "0000050863",
    "fillingDate": "2022-04-29",
    "acceptedDate": "2022-04-28 18:41:34",
    "calendarYear": "2022",
    "period": "Q1",
    "revenue": 18353000000,
    "costOfRevenue": 9109000000,
    "grossProfit": 9244000000,
    "grossProfitRatio": 0.5036778728,
    "researchAndDevelopmentExpenses": 4362000000,
    "generalAndAdministrativeExpenses": 0,
    "sellingAndMarketingExpenses": 0,
    "sellingGeneralAndAdministrativeExpenses": 1752000000,
    "otherExpenses": 1074000000,
    "operatingExpenses": 6114000000,
    "costAndExpenses": 15223000000,
    "interestIncome": 47000000,
    "interestExpense": 124000000,
    "depreciationAndAmortization": 3348000000,
    "ebitda": 944000000,
    "ebitdaratio": 0.0514357326,
    "operatingIncome": 4341000000,
    "operatingIncomeRatio": 0.2365280881,
    "totalOtherIncomeExpensesNet": 5534000000,
    "incomeBeforeTax": 9661000000,
    "incomeBeforeTaxRatio": 0.5263989538,
    "incomeTaxExpense": 1548000000,
    "netIncome": 8113000000,
    "netIncomeRatio": 0.4420530703,
    "eps": 1.99,
    "epsdiluted": 1.98,
    "weightedAverageShsOut": 4079000000,
    "weightedAverageShsOutDil": 4107000000,
    "link": "https://www.sec.gov/Archives/edgar/data/50863/000005086322000020/0000050863-22-000020-index.htm",
    "finalLink": "https://www.sec.gov/Archives/edgar/data/50863/000005086322000020/intc-20220402.htm"
  },
  {
    "date": "2021-12-25",
    "symbol": "INTC",
    "reportedCurrency": "USD",
    "cik": "0000050863",
    "fillingDate": "2022-01-27",
    "acceptedDate": "2022-01-26 18:34:53",
    "calendarYear": "2021",
    "period": "Q4",
    "revenue": 20528000000,
    "costOfRevenue": 9519000000,
    "grossProfit": 11009000000,
    "grossProfitRatio": 0.536291894,
    "researchAndDevelopmentExpenses": 4049000000,
    "generalAndAdministrativeExpenses": 842000000,
    "sellingAndMarketingExpenses": 1100000000,
    "sellingGeneralAndAdministrativeExpenses": 1942000000,
    "otherExpenses": 29000000,
    "operatingExpenses": 5991000000,
    "costAndExpenses": 15510000000,
    "interestIncome": 33000000,
    "interestExpense": 134000000,
    "depreciationAndAmortization": 3074000000,
    "ebitda": 7762000000,
    "ebitdaratio": 0.3781176929,
    "operatingIncome": 4989000000,
    "operatingIncomeRatio": 0.2430339049,
    "totalOtherIncomeExpensesNet": 330000000,
    "incomeBeforeTax": 5194000000,
    "incomeBeforeTaxRatio": 0.253020265,
    "incomeTaxExpense": 571000000,
    "netIncome": 4623000000,
    "netIncomeRatio": 0.2252045986,
    "eps": 1.14,
    "epsdiluted": 1.13,
    "weightedAverageShsOut": 4069000000,
    "weightedAverageShsOutDil": 4095000000,
    "link": "https://www.sec.gov/Archives/edgar/data/50863/000005086322000007/0000050863-22-000007-index.htm",
    "finalLink": "https://www.sec.gov/Archives/edgar/data/50863/000005086322000007/intc-20211225.htm"
  },
  {
    "date": "2021-09-25",
    "symbol": "INTC",
    "reportedCurrency": "USD",
    "cik": "0000050863",
    "fillingDate": "2021-10-22",
    "acceptedDate": "2021-10-21 20:36:01",
    "calendarYear": "2021",
    "period": "Q3",
    "revenue": 19192000000,
    "costOfRevenue": 8446000000,
    "grossProfit": 10746000000,
    "grossProfitRatio": 0.5599208003,
    "researchAndDevelopmentExpenses": 3803000000,
    "generalAndAdministrativeExpenses": 0,
    "sellingAndMarketingExpenses": 0,
    "sellingGeneralAndAdministrativeExpenses": 1674000000,
    "otherExpenses": 31000000,
    "operatingExpenses": 5477000000,
    "costAndExpenses": 13923000000,
    "interestIncome": 37000000,
    "interestExpense": 76000000,
    "depreciationAndAmortization": 2959000000,
    "ebitda": 8228000000,
    "ebitdaratio": 0.4287203001,
    "operatingIncome": 5227000000,
    "operatingIncomeRatio": 0.2723530638,
    "totalOtherIncomeExpensesNet": 1665000000,
    "incomeBeforeTax": 6858000000,
    "incomeBeforeTaxRatio": 0.3573363902,
    "incomeTaxExpense": 35000000,
    "netIncome": 6823000000,
    "netIncomeRatio": 0.3555127136,
    "eps": 1.68,
    "epsdiluted": 1.67,
    "weightedAverageShsOut": 4061000000,
    "weightedAverageShsOutDil": 4086000000,
    "link": "https://www.sec.gov/Archives/edgar/data/50863/000005086321000038/0000050863-21-000038-index.htm",
    "finalLink": "https://www.sec.gov/Archives/edgar/data/50863/000005086321000038/intc-20210925.htm"
  },
  {
    "date": "2021-06-26",
    "symbol": "INTC",
    "reportedCurrency": "USD",
    "cik": "0000050863",
    "fillingDate": "2021-07-23",
    "acceptedDate": "2021-07-22 18:25:47",
    "calendarYear": "2021",
    "period": "Q2",
    "revenue": 19631000000,
    "costOfRevenue": 8425000000,
    "grossProfit": 11206000000,
    "grossProfitRatio": 0.5708318476,
    "researchAndDevelopmentExpenses": 3715000000,
    "generalAndAdministrativeExpenses": 0,
    "sellingAndMarketingExpenses": 0,
    "sellingGeneralAndAdministrativeExpenses": 1599000000,
    "otherExpenses": -4000000,
    "operatingExpenses": 5314000000,
    "costAndExpenses": 13739000000,
    "interestIncome": 37000000,
    "interestExpense": 96000000,
    "depreciationAndAmortization": 2857000000,
    "ebitda": 8749000000,
    "ebitdaratio": 0.4456726606,
    "operatingIncome": 5546000000,
    "operatingIncomeRatio": 0.2825123529,
    "totalOtherIncomeExpensesNet": -51000000,
    "incomeBeforeTax": 5745000000,
    "incomeBeforeTaxRatio": 0.2926493811,
    "incomeTaxExpense": 684000000,
    "netIncome": 5061000000,
    "netIncomeRatio": 0.2578065305,
    "eps": 1.25,
    "epsdiluted": 1.24,
    "weightedAverageShsOut": 4049000000,
    "weightedAverageShsOutDil": 4084000000,
    "link": "https://www.sec.gov/Archives/edgar/data/50863/000005086321000030/0000050863-21-000030-index.htm",
    "finalLink": "https://www.sec.gov/Archives/edgar/data/50863/000005086321000030/intc-20210626.htm"
  },
  {
    "date": "2021-03-27",
    "symbol": "INTC",
    "reportedCurrency": "USD",
    "cik": "0000050863",
    "fillingDate": "2021-04-23",
    "acceptedDate": "2021-04-22 18:19:50",
    "calendarYear": "2021",
    "period": "Q1",
    "revenue": 19673000000,
    "costOfRevenue": 8819000000,
    "grossProfit": 10854000000,
    "grossProfitRatio": 0.5517206323,
    "researchAndDevelopmentExpenses": 3623000000,
    "generalAndAdministrativeExpenses": 0,
    "sellingAndMarketingExpenses": 0,
    "sellingGeneralAndAdministrativeExpenses": 1328000000,
    "otherExpenses": -3000000,
    "operatingExpenses": 4951000000,
    "costAndExpenses": 13770000000,
    "interestIncome": 37000000,
    "interestExpense": 190000000,
    "depreciationAndAmortization": 2902000000,
    "ebitda": 10646000000,
    "ebitdaratio": 0.541147766,
    "operatingIncome": 3694000000,
    "operatingIncomeRatio": 0.1877700402,
    "totalOtherIncomeExpensesNet": -1841000000,
    "incomeBeforeTax": 3906000000,
    "incomeBeforeTaxRatio": 0.1985462309,
    "incomeTaxExpense": 545000000,
    "netIncome": 3361000000,
    "netIncomeRatio": 0.1708432878,
    "eps": 0.83,
    "epsdiluted": 0.82,
    "weightedAverageShsOut": 4056000000,
    "weightedAverageShsOutDil": 4096000000,
    "link": "https://www.sec.gov/Archives/edgar/data/50863/000005086321000018/0000050863-21-000018-index.htm",
    "finalLink": "https://www.sec.gov/Archives/edgar/data/50863/000005086321000018/intc-20210327.htm"
  },
  {
    "date": "2020-12-26",
    "symbol": "INTC",
    "reportedCurrency": "USD",
    "cik": "0000050863",
    "fillingDate": "2021-01-22",
    "acceptedDate": "2021-01-21 19:06:04",
    "calendarYear": "2020",
    "period": "Q4",
    "revenue": 19978000000,
    "costOfRevenue": 8630000000,
    "grossProfit": 11348000000,
    "grossProfitRatio": 0.5680248273,
    "researchAndDevelopmentExpenses": 3655000000,
    "generalAndAdministrativeExpenses": 994000000,
    "sellingAndMarketingExpenses": 763000000,
    "sellingGeneralAndAdministrativeExpenses": 1757000000,
    "otherExpenses": 17000000,
    "operatingExpenses": 5412000000,
    "costAndExpenses": 14042000000,
    "interestIncome": 43000000,
    "interestExpense": 88000000,
    "depreciationAndAmortization": 3003000000,
    "ebitda": 8939000000,
    "ebitdaratio": 0.4474421864,
    "operatingIncome": 5884000000,
    "operatingIncomeRatio": 0.2945239764,
    "totalOtherIncomeExpensesNet": 1640000000,
    "incomeBeforeTax": 7488000000,
    "incomeBeforeTaxRatio": 0.3748122935,
    "incomeTaxExpense": 1631000000,
    "netIncome": 5857000000,
    "netIncomeRatio": 0.2931724897,
    "eps": 1.43,
    "epsdiluted": 1.42,
    "weightedAverageShsOut": 4094000000,
    "weightedAverageShsOutDil": 4119000000,
    "link": "https://www.sec.gov/Archives/edgar/data/50863/000005086321000010/0000050863-21-000010-index.htm",
    "finalLink": "https://www.sec.gov/Archives/edgar/data/50863/000005086321000010/intc-20201226.htm"
  },
  {
    "date": "2020-09-26",
    "symbol": "INTC",
    "reportedCurrency": "USD",
    "cik": "0000050863",
    "fillingDate": "2020-10-23",
    "acceptedDate": "2020-10-22 18:42:17",
    "calendarYear": "2020",
    "period": "Q3",
    "revenue": 18333000000,
    "costOfRevenue": 8592000000,
    "grossProfit": 9741000000,
    "grossProfitRatio": 0.5313369334,
    "researchAndDevelopmentExpenses": 3272000000,
    "generalAndAdministrativeExpenses": 0,
    "sellingAndMarketingExpenses": 0,
    "sellingGeneralAndAdministrativeExpenses": 1435000000,
    "otherExpenses": 33000000,
    "operatingExpenses": 4707000000,
    "costAndExpenses": 13299000000,
    "interestIncome": 53000000,
    "interestExpense": 160000000,
    "depreciationAndAmortization": 3123000000,
    "ebitda": 8076000000,
    "ebitdaratio": 0.4405171003,
    "operatingIncome": 5059000000,
    "operatingIncomeRatio": 0.2759504718,
    "totalOtherIncomeExpensesNet": 81000000,
    "incomeBeforeTax": 5041000000,
    "incomeBeforeTaxRatio": 0.2749686358,
    "incomeTaxExpense": 765000000,
    "netIncome": 4276000000,
    "netIncomeRatio": 0.2332406044,
    "eps": 1.02,
    "epsdiluted": 1.02,
    "weightedAverageShsOut": 4188000000,
    "weightedAverageShsOutDil": 4211000000,
    "link": "https://www.sec.gov/Archives/edgar/data/50863/000005086320000043/0000050863-20-000043-index.htm",
    "finalLink": "https://www.sec.gov/Archives/edgar/data/50863/000005086320000043/intc-20200926.htm"
  },
  {
    "date": "2020-06-27",
    "symbol": "INTC",
    "reportedCurrency": "USD",
    "cik": "0000050863",
    "fillingDate": "2020-07-24",
    "acceptedDate": "2020-07-23 19:30:14",
    "calendarYear": "2020",
    "period": "Q2",
    "revenue": 19728000000,
    "costOfRevenue": 9221000000,
    "grossProfit": 10507000000,
    "grossProfitRatio": 0.5325932685,
    "researchAndDevelopmentExpenses": 3354000000,
    "generalAndAdministrativeExpenses": 0,
    "sellingAndMarketingExpenses": 0,
    "sellingGeneralAndAdministrativeExpenses": 1447000000,
    "otherExpenses": 74000000,
    "operatingExpenses": 4801000000,
    "costAndExpenses": 14022000000,
    "interestIncome": 83000000,
    "interestExpense": 186000000,
    "depreciationAndAmortization": 3063000000,
    "ebitda": 8511000000,
    "ebitdaratio": 0.4314172749,
    "operatingIncome": 5697000000,
    "operatingIncomeRatio": 0.2887773723,
    "totalOtherIncomeExpensesNet": 258000000,
    "incomeBeforeTax": 5935000000,
    "incomeBeforeTaxRatio": 0.3008414436,
    "incomeTaxExpense": 830000000,
    "netIncome": 5105000000,
    "netIncomeRatio": 0.258769262,
    "eps": 1.2,
    "epsdiluted": 1.19,
    "weightedAverageShsOut": 4246000000,
    "weightedAverageShsOutDil": 4284000000,
    "link": "https://www.sec.gov/Archives/edgar/data/50863/000005086320000026/0000050863-20-000026-index.htm",
    "finalLink": "https://www.sec.gov/Archives/edgar/data/50863/000005086320000026/intc-20200627.htm"
  },
  {
    "date": "2020-03-28",
    "symbol": "INTC",
    "reportedCurrency": "USD",
    "cik": "0000050863",
    "fillingDate": "2020-04-24",
    "acceptedDate": "2020-04-23 18:41:50",
    "calendarYear": "2020",
    "period": "Q1",
    "revenue": 19828000000,
    "costOfRevenue": 7812000000,
    "grossProfit": 12016000000,
    "grossProfitRatio": 0.6060117006,
    "researchAndDevelopmentExpenses": 3275000000,
    "generalAndAdministrativeExpenses": 0,
    "sellingAndMarketingExpenses": 0,
    "sellingGeneralAndAdministrativeExpenses": 1541000000,
    "otherExpenses": -271000000,
    "operatingExpenses": 4816000000,
    "costAndExpenses": 12628000000,
    "interestIncome": 93000000,
    "interestExpense": 313000000,
    "depreciationAndAmortization": 3050000000,
    "ebitda": 10250000000,
    "ebitdaratio": 0.5169457333,
    "operatingIncome": 7038000000,
    "operatingIncomeRatio": 0.3549525923,
    "totalOtherIncomeExpensesNet": -273000000,
    "incomeBeforeTax": 6614000000,
    "incomeBeforeTaxRatio": 0.3335686907,
    "incomeTaxExpense": 953000000,
    "netIncome": 5661000000,
    "netIncomeRatio": 0.285505346,
    "eps": 1.33,
    "epsdiluted": 1.31,
    "weightedAverageShsOut": 4266000000,
    "weightedAverageShsOutDil": 4312000000,
    "link": "https://www.sec.gov/Archives/edgar/data/50863/000005086320000017/0000050863-20-000017-index.htm",
    "finalLink": "https://www.sec.gov/Archives/edgar/data/50863/000005086320000017/a0328202010qdocument-u.htm"
  },
  {
    "date": "2019-12-28",
    "symbol": "INTC",
    "reportedCurrency": "USD",
    "cik": "0000050863",
    "fillingDate": "2020-01-24",
    "acceptedDate": "2020-01-23 18:39:55",
    "calendarYear": "2019",
    "period": "Q4",
    "revenue": 20209000000,
    "costOfRevenue": 8331000000,
    "grossProfit": 11878000000,
    "grossProfitRatio": 0.5877579296,
    "researchAndDevelopmentExpenses": 3384000000,
    "generalAndAdministrativeExpenses": 710000000,
    "sellingAndMarketingExpenses": 832000000,
    "sellingGeneralAndAdministrativeExpenses": 1542000000,
    "otherExpenses": 653000000,
    "operatingExpenses": 4976000000,
    "costAndExpenses": 13307000000,
    "interestIncome": 109000000,
    "interestExpense": 108000000,
    "depreciationAndAmortization": 2968000000,
    "ebitda": 9358000000,
    "ebitdaratio": 0.4630610124,
    "operatingIncome": 6797000000,
    "operatingIncomeRatio": 0.3363352962,
    "totalOtherIncomeExpensesNet": 512000000,
    "incomeBeforeTax": 8068000000,
    "incomeBeforeTaxRatio": 0.3992280667,
    "incomeTaxExpense": 1163000000,
    "netIncome": 6905000000,
    "netIncomeRatio": 0.3416794498,
    "eps": 1.6,
    "epsdiluted": 1.58,
    "weightedAverageShsOut": 4319000000,
    "weightedAverageShsOutDil": 4373000000,
    "link": "https://www.sec.gov/Archives/edgar/data/50863/000005086320000011/0000050863-20-000011-index.htm",
    "finalLink": "https://www.sec.gov/Archives/edgar/data/50863/000005086320000011/a12282019q4-10kdocument.htm"
  },
  {
    "date": "2019-09-28",
    "symbol": "INTC",
    "reportedCurrency": "USD",
    "cik": "0000050863",
    "fillingDate": "2019-10-25",
    "acceptedDate": "2019-10-24 18:35:18",
    "calendarYear": "2019",
    "period": "Q3",
    "revenue": 19190000000,
    "costOfRevenue": 7895000000,
    "grossProfit": 11295000000,
    "grossProfitRatio": 0.5885878061,
    "researchAndDevelopmentExpenses": 3208000000,
    "generalAndAdministrativeExpenses": 0,
    "sellingAndMarketingExpenses": 0,
    "sellingGeneralAndAdministrativeExpenses": 1486000000,
    "otherExpenses": -53000000,
    "operatingExpenses": 4744000000,
    "costAndExpenses": 12639000000,
    "interestIncome": 114000000,
    "interestExpense": 107000000,
    "depreciationAndAmortization": 50000000,
    "ebitda": 6387000000,
    "ebitdaratio": 0.3328295987,
    "operatingIncome": 6447000000,
    "operatingIncomeRatio": 0.3359562272,
    "totalOtherIncomeExpensesNet": 214000000,
    "incomeBeforeTax": 6719000000,
    "incomeBeforeTaxRatio": 0.3501302762,
    "incomeTaxExpense": 729000000,
    "netIncome": 5990000000,
    "netIncomeRatio": 0.3121417405,
    "eps": 1.36,
    "epsdiluted": 1.35,
    "weightedAverageShsOut": 4391000000,
    "weightedAverageShsOutDil": 4433000000,
    "link": "https://www.sec.gov/Archives/edgar/data/50863/000005086319000029/0000050863-19-000029-index.htm",
    "finalLink": "https://www.sec.gov/Archives/edgar/data/50863/000005086319000029/a0928201910qdocument.htm"
  },
  {
    "date": "2019-06-29",
    "symbol": "INTC",
    "reportedCurrency": "USD",
    "cik": "0000050863",
    "fillingDate": "2019-07-26",
    "acceptedDate": "2019-07-25 18:44:28",
    "calendarYear": "2019",
    "period": "Q2",
    "revenue": 16505000000,
    "costOfRevenue": 6627000000,
    "grossProfit": 9878000000,
    "grossProfitRatio": 0.5984853075,
    "researchAndDevelopmentExpenses": 3438000000,
    "generalAndAdministrativeExpenses": 0,
    "sellingAndMarketingExpenses": 0,
    "sellingGeneralAndAdministrativeExpenses": 1589000000,
    "otherExpenses": -53000000,
    "operatingExpenses": 5077000000,
    "costAndExpenses": 11704000000,
    "interestIncome": 125000000,
    "interestExpense": 135000000,
    "depreciationAndAmortization": 50000000,
    "ebitda": 4865000000,
    "ebitdaratio": 0.2947591639,
    "operatingIncome": 4617000000,
    "operatingIncomeRatio": 0.2797334141,
    "totalOtherIncomeExpensesNet": -14000000,
    "incomeBeforeTax": 4724000000,
    "incomeBeforeTaxRatio": 0.2862162981,
    "incomeTaxExpense": 545000000,
    "netIncome": 4179000000,
    "netIncomeRatio": 0.2531960012,
    "eps": 0.94,
    "epsdiluted": 0.92,
    "weightedAverageShsOut": 4466000000,
    "weightedAverageShsOutDil": 4523000000,
    "link": "https://www.sec.gov/Archives/edgar/data/50863/000005086319000023/0000050863-19-000023-index.htm",
    "finalLink": "https://www.sec.gov/Archives/edgar/data/50863/000005086319000023/a0629201910qdocument.htm"
  },
  {
    "date": "2019-03-30",
    "symbol": "INTC",
    "reportedCurrency": "USD",
    "cik": "0000050863",
    "fillingDate": "2019-04-26",
    "acceptedDate": "2019-04-25 18:42:52",
    "calendarYear": "2019",
    "period": "Q1",
    "revenue": 16061000000,
    "costOfRevenue": 6972000000,
    "grossProfit": 9089000000,
    "grossProfitRatio": 0.5659049872,
    "researchAndDevelopmentExpenses": 3332000000,
    "generalAndAdministrativeExpenses": 0,
    "sellingAndMarketingExpenses": 0,
    "sellingGeneralAndAdministrativeExpenses": 1533000000,
    "otherExpenses": -58000000,
    "operatingExpenses": 4915000000,
    "costAndExpenses": 11887000000,
    "interestIncome": 135000000,
    "interestExpense": 138000000,
    "depreciationAndAmortization": 50000000,
    "ebitda": 3790000000,
    "ebitdaratio": 0.235975344,
    "operatingIncome": 4174000000,
    "operatingIncomeRatio": 0.2598841915,
    "totalOtherIncomeExpensesNet": 434000000,
    "incomeBeforeTax": 4547000000,
    "incomeBeforeTaxRatio": 0.2831081502,
    "incomeTaxExpense": 573000000,
    "netIncome": 3974000000,
    "netIncomeRatio": 0.2474316668,
    "eps": 0.88,
    "epsdiluted": 0.87,
    "weightedAverageShsOut": 4492000000,
    "weightedAverageShsOutDil": 4564000000,
    "link": "https://www.sec.gov/Archives/edgar/data/50863/000005086319000013/0000050863-19-000013-index.htm",
    "finalLink": "https://www.sec.gov/Archives/edgar/data/50863/000005086319000013/a0330201910qdocument.htm"
  },
  {
    "date": "2018-12-29",
    "symbol": "INTC",
    "reportedCurrency": "USD",
    "cik": "0000050863",
    "fillingDate": "2019-02-01",
    "acceptedDate": "2019-02-01 09:00:50",
    "calendarYear": "2018",
    "period": "Q4",
    "revenue": 18657000000,
    "costOfRevenue": 7430000000,
    "grossProfit": 11227000000,
    "grossProfitRatio": 0.6017580533,
    "researchAndDevelopmentExpenses": 3433000000,
    "generalAndAdministrativeExpenses": 320000000,
    "sellingAndMarketingExpenses": 1200000000,
    "sellingGeneralAndAdministrativeExpenses": 1520000000,
    "otherExpenses": -98000000,
    "operatingExpenses": 5003000000,
    "costAndExpenses": 12433000000,
    "interestIncome": 130000000,
    "interestExpense": 131000000,
    "depreciationAndAmortization": 50000000,
    "ebitda": 6764000000,
    "ebitdaratio": 0.3625448893,
    "operatingIncome": 6224000000,
    "operatingIncomeRatio": 0.3336013293,
    "totalOtherIncomeExpensesNet": -490000000,
    "incomeBeforeTax": 5635000000,
    "incomeBeforeTaxRatio": 0.3020314091,
    "incomeTaxExpense": 440000000,
    "netIncome": 5195000000,
    "netIncomeRatio": 0.2784477676,
    "eps": 1.14,
    "epsdiluted": 1.12,
    "weightedAverageShsOut": 4549000000,
    "weightedAverageShsOutDil": 4619000000,
    "link": "https://www.sec.gov/Archives/edgar/data/50863/000005086319000007/0000050863-19-000007-index.htm",
    "finalLink": "https://www.sec.gov/Archives/edgar/data/50863/000005086319000007/a12292018q4-10kdocument.htm"
  },
  {
    "date": "2018-09-29",
    "symbol": "INTC",
    "reportedCurrency": "USD",
    "cik": "0000050863",
    "fillingDate": "2018-10-26",
    "acceptedDate": "2018-10-25 18:52:51",
    "calendarYear": "2018",
    "period": "Q3",
    "revenue": 19163000000,
    "costOfRevenue": 6803000000,
    "grossProfit": 12360000000,
    "grossProfitRatio": 0.6449929552,
    "researchAndDevelopmentExpenses": 3428000000,
    "generalAndAdministrativeExpenses": 0,
    "sellingAndMarketingExpenses": 0,
    "sellingGeneralAndAdministrativeExpenses": 1605000000,
    "otherExpenses": -132000000,
    "operatingExpenses": 5083000000,
    "costAndExpenses": 11886000000,
    "interestIncome": 109000000,
    "interestExpense": 109000000,
    "depreciationAndAmortization": 50000000,
    "ebitda": 7330000000,
    "ebitdaratio": 0.382507958,
    "operatingIncome": 7349000000,
    "operatingIncomeRatio": 0.3834994521,
    "totalOtherIncomeExpensesNet": -3000000,
    "incomeBeforeTax": 7142000000,
    "incomeBeforeTaxRatio": 0.3726973856,
    "incomeTaxExpense": 744000000,
    "netIncome": 6398000000,
    "netIncomeRatio": 0.3338725669,
    "eps": 1.4,
    "epsdiluted": 1.38,
    "weightedAverageShsOut": 4574000000,
    "weightedAverageShsOutDil": 4648000000,
    "link": "https://www.sec.gov/Archives/edgar/data/50863/000005086318000029/0000050863-18-000029-index.htm",
    "finalLink": "https://www.sec.gov/Archives/edgar/data/50863/000005086318000029/a0929201810qdocument.htm"
  },
  {
    "date": "2018-06-30",
    "symbol": "INTC",
    "reportedCurrency": "USD",
    "cik": "0000050863",
    "fillingDate": "2018-07-27",
    "acceptedDate": "2018-07-26 18:19:24",
    "calendarYear": "2018",
    "period": "Q2",
    "revenue": 16962000000,
    "costOfRevenue": 6543000000,
    "grossProfit": 10419000000,
    "grossProfitRatio": 0.6142553944,
    "researchAndDevelopmentExpenses": 3371000000,
    "generalAndAdministrativeExpenses": 0,
    "sellingAndMarketingExpenses": 0,
    "sellingGeneralAndAdministrativeExpenses": 1725000000,
    "otherExpenses": 467000000,
    "operatingExpenses": 5146000000,
    "costAndExpenses": 11689000000,
    "interestIncome": 108000000,
    "interestExpense": 116000000,
    "depreciationAndAmortization": 50000000,
    "ebitda": 5526000000,
    "ebitdaratio": 0.3257870534,
    "operatingIncome": 5273000000,
    "operatingIncomeRatio": 0.3108713595,
    "totalOtherIncomeExpensesNet": -203000000,
    "incomeBeforeTax": 5529000000,
    "incomeBeforeTaxRatio": 0.3259639193,
    "incomeTaxExpense": 523000000,
    "netIncome": 5006000000,
    "netIncomeRatio": 0.2951302912,
    "eps": 1.08,
    "epsdiluted": 1.05,
    "weightedAverageShsOut": 4649000000,
    "weightedAverageShsOutDil": 4747000000,
    "link": "https://www.sec.gov/Archives/edgar/data/50863/000005086318000022/0000050863-18-000022-index.htm",
    "finalLink": "https://www.sec.gov/Archives/edgar/data/50863/000005086318000022/a0630201810qdocument.htm"
  },
  {
    "date": "2018-03-31",
    "symbol": "INTC",
    "reportedCurrency": "USD",
    "cik": "0000050863",
    "fillingDate": "2018-04-27",
    "acceptedDate": "2018-04-26 18:13:03",
    "calendarYear": "2018",
    "period": "Q1",
    "revenue": 16066000000,
    "costOfRevenue": 6335000000,
    "grossProfit": 9731000000,
    "grossProfitRatio": 0.6056890327,
    "researchAndDevelopmentExpenses": 3311000000,
    "generalAndAdministrativeExpenses": 0,
    "sellingAndMarketingExpenses": 0,
    "sellingGeneralAndAdministrativeExpenses": 1900000000,
    "otherExpenses": -81000000,
    "operatingExpenses": 5261000000,
    "costAndExpenses": 11596000000,
    "interestIncome": 91000000,
    "interestExpense": 112000000,
    "depreciationAndAmortization": 50000000,
    "ebitda": 3877000000,
    "ebitdaratio": 0.2413170671,
    "operatingIncome": 4470000000,
    "operatingIncomeRatio": 0.2782273123,
    "totalOtherIncomeExpensesNet": 643000000,
    "incomeBeforeTax": 5011000000,
    "incomeBeforeTaxRatio": 0.3119009088,
    "incomeTaxExpense": 557000000,
    "netIncome": 4454000000,
    "netIncomeRatio": 0.2772314204,
    "eps": 0.95,
    "epsdiluted": 0.93,
    "weightedAverageShsOut": 4674000000,
    "weightedAverageShsOutDil": 4790000000,
    "link": "https://www.sec.gov/Archives/edgar/data/50863/000005086318000013/0000050863-18-000013-index.htm",
    "finalLink": "https://www.sec.gov/Archives/edgar/data/50863/000005086318000013/a0331201810qdocument.htm"
  },
  {
    "date": "2017-12-30",
    "symbol": "INTC",
    "reportedCurrency": "USD",
    "cik": "0000050863",
    "fillingDate": "2018-02-16",
    "acceptedDate": "2018-02-16 08:31:45",
    "calendarYear": "2017",
    "period": "Q4",
    "revenue": 17053000000,
    "costOfRevenue": 6286000000,
    "grossProfit": 10767000000,
    "grossProfitRatio": 0.6313845071,
    "researchAndDevelopmentExpenses": 3274000000,
    "generalAndAdministrativeExpenses": 450000000,
    "sellingAndMarketingExpenses": 1400000000,
    "sellingGeneralAndAdministrativeExpenses": 1850000000,
    "otherExpenses": -510000000,
    "operatingExpenses": 5177000000,
    "costAndExpenses": 11463000000,
    "interestIncome": 92000000,
    "interestExpense": 153000000,
    "depreciationAndAmortization": 53000000,
    "ebitda": 4627000000,
    "ebitdaratio": 0.2713305577,
    "operatingIncome": 5395000000,
    "operatingIncomeRatio": 0.3163666217,
    "totalOtherIncomeExpensesNet": 1016000000,
    "incomeBeforeTax": 6035000000,
    "incomeBeforeTaxRatio": 0.3538966751,
    "incomeTaxExpense": 6722000000,
    "netIncome": -687000000,
    "netIncomeRatio": -0.0402861667,
    "eps": -0.15,
    "epsdiluted": -0.15,
    "weightedAverageShsOut": 4683000000,
    "weightedAverageShsOutDil": 4683000000,
    "link": "https://www.sec.gov/Archives/edgar/data/50863/000005086318000007/0000050863-18-000007-index.htm",
    "finalLink": "https://www.sec.gov/Archives/edgar/data/50863/000005086318000007/a12302017q4-10kdocument.htm"
  },
  {
    "date": "2017-09-30",
    "symbol": "INTC",
    "reportedCurrency": "USD",
    "cik": "0000050863",
    "fillingDate": "2017-10-26",
    "acceptedDate": "2017-10-26 16:30:26",
    "calendarYear": "2017",
    "period": "Q3",
    "revenue": 16149000000,
    "costOfRevenue": 6092000000,
    "grossProfit": 10057000000,
    "grossProfitRatio": 0.6227630194,
    "researchAndDevelopmentExpenses": 3223000000,
    "generalAndAdministrativeExpenses": 0,
    "sellingAndMarketingExpenses": 0,
    "sellingGeneralAndAdministrativeExpenses": 1666000000,
    "otherExpenses": 23000000,
    "operatingExpenses": 4938000000,
    "costAndExpenses": 11030000000,
    "interestIncome": 137000000,
    "interestExpense": 191000000,
    "depreciationAndAmortization": 2055000000,
    "ebitda": 7224000000,
    "ebitdaratio": 0.4473342003,
    "operatingIncome": 5115000000,
    "operatingIncomeRatio": 0.3167378785,
    "totalOtherIncomeExpensesNet": 842000000,
    "incomeBeforeTax": 5930000000,
    "incomeBeforeTaxRatio": 0.3672053997,
    "incomeTaxExpense": 1414000000,
    "netIncome": 4516000000,
    "netIncomeRatio": 0.2796457985,
    "eps": 0.96,
    "epsdiluted": 0.94,
    "weightedAverageShsOut": 4688000000,
    "weightedAverageShsOutDil": 4821000000,
    "link": "https://www.sec.gov/Archives/edgar/data/50863/000005086317000048/0000050863-17-000048-index.htm",
    "finalLink": "https://www.sec.gov/Archives/edgar/data/50863/000005086317000048/a2017q3-10qdocument.htm"
  },
  {
    "date": "2017-07-01",
    "symbol": "INTC",
    "reportedCurrency": "USD",
    "cik": "0000050863",
    "fillingDate": "2017-07-27",
    "acceptedDate": "2017-07-27 16:36:53",
    "calendarYear": "2017",
    "period": "Q2",
    "revenue": 14763000000,
    "costOfRevenue": 5665000000,
    "grossProfit": 9098000000,
    "grossProfitRatio": 0.6162704057,
    "researchAndDevelopmentExpenses": 3275000000,
    "generalAndAdministrativeExpenses": 0,
    "sellingAndMarketingExpenses": 0,
    "sellingGeneralAndAdministrativeExpenses": 1854000000,
    "otherExpenses": 423000000,
    "operatingExpenses": 5166000000,
    "costAndExpenses": 10831000000,
    "interestIncome": 136000000,
    "interestExpense": 156000000,
    "depreciationAndAmortization": 1988000000,
    "ebitda": 6471000000,
    "ebitdaratio": 0.4383255436,
    "operatingIncome": 3827000000,
    "operatingIncomeRatio": 0.259229154,
    "totalOtherIncomeExpensesNet": 237000000,
    "incomeBeforeTax": 4572000000,
    "incomeBeforeTaxRatio": 0.3096931518,
    "incomeTaxExpense": 1764000000,
    "netIncome": 2808000000,
    "netIncomeRatio": 0.1902052428,
    "eps": 0.6,
    "epsdiluted": 0.58,
    "weightedAverageShsOut": 4710000000,
    "weightedAverageShsOutDil": 4845000000,
    "link": "https://www.sec.gov/Archives/edgar/data/50863/000005086317000041/0000050863-17-000041-index.htm",
    "finalLink": "https://www.sec.gov/Archives/edgar/data/50863/000005086317000041/new10qdocument07012017.htm"
  },
  {
    "date": "2017-04-01",
    "symbol": "INTC",
    "reportedCurrency": "USD",
    "cik": "0000050863",
    "fillingDate": "2017-04-27",
    "acceptedDate": "2017-04-27 16:38:04",
    "calendarYear": "2017",
    "period": "Q1",
    "revenue": 14796000000,
    "costOfRevenue": 5649000000,
    "grossProfit": 9147000000,
    "grossProfitRatio": 0.6182076237,
    "researchAndDevelopmentExpenses": 3326000000,
    "generalAndAdministrativeExpenses": 0,
    "sellingAndMarketingExpenses": 0,
    "sellingGeneralAndAdministrativeExpenses": 2104000000,
    "otherExpenses": 34000000,
    "operatingExpenses": 5468000000,
    "costAndExpenses": 11117000000,
    "interestIncome": 76000000,
    "interestExpense": 146000000,
    "depreciationAndAmortization": 1946000000,
    "ebitda": 5724000000,
    "ebitdaratio": 0.3868613139,
    "operatingIncome": 3599000000,
    "operatingIncomeRatio": 0.2432414166,
    "totalOtherIncomeExpensesNet": 172000000,
    "incomeBeforeTax": 3815000000,
    "incomeBeforeTaxRatio": 0.2578399567,
    "incomeTaxExpense": 851000000,
    "netIncome": 2964000000,
    "netIncomeRatio": 0.200324412,
    "eps": 0.63,
    "epsdiluted": 0.61,
    "weightedAverageShsOut": 4723000000,
    "weightedAverageShsOutDil": 4881000000,
    "link": "https://www.sec.gov/Archives/edgar/data/50863/000005086317000029/0000050863-17-000029-index.htm",
    "finalLink": "https://www.sec.gov/Archives/edgar/data/50863/000005086317000029/a10qdocument04012017.htm"
  },
  {
    "date": "2016-12-31",
    "symbol": "INTC",
    "reportedCurrency": "USD",
    "cik": "0000050863",
    "fillingDate": "2017-02-17",
    "acceptedDate": "2017-02-17 08:37:46",
    "calendarYear": "2016",
    "period": "Q4",
    "revenue": 16374000000,
    "costOfRevenue": 6269000000,
    "grossProfit": 10105000000,
    "grossProfitRatio": 0.6171369244,
    "researchAndDevelopmentExpenses": 3280000000,
    "generalAndAdministrativeExpenses": 358000000,
    "sellingAndMarketingExpenses": 1800000000,
    "sellingGeneralAndAdministrativeExpenses": 2158000000,
    "otherExpenses": -9000000,
    "operatingExpenses": 5479000000,
    "costAndExpenses": 11748000000,
    "interestIncome": 63000000,
    "interestExpense": 158000000,
    "depreciationAndAmortization": 41000000,
    "ebitda": 4749000000,
    "ebitdaratio": 0.2900329791,
    "operatingIncome": 4526000000,
    "operatingIncomeRatio": 0.2764138268,
    "totalOtherIncomeExpensesNet": -82000000,
    "incomeBeforeTax": 4440000000,
    "incomeBeforeTaxRatio": 0.2711615977,
    "incomeTaxExpense": 878000000,
    "netIncome": 3562000000,
    "netIncomeRatio": 0.2175400024,
    "eps": 0.75,
    "epsdiluted": 0.73,
    "weightedAverageShsOut": 4735000000,
    "weightedAverageShsOutDil": 4881000000,
    "link": "https://www.sec.gov/Archives/edgar/data/50863/000005086317000012/0000050863-17-000012-index.htm",
    "finalLink": "https://www.sec.gov/Archives/edgar/data/50863/000005086317000012/a10kdocument12312016q4.htm"
  },
  {
    "date": "2016-10-01",
    "symbol": "INTC",
    "reportedCurrency": "USD",
    "cik": "0000050863",
    "fillingDate": "2016-10-31",
    "acceptedDate": "2016-10-31 17:00:19",
    "calendarYear": "2016",
    "period": "Q3",
    "revenue": 15778000000,
    "costOfRevenue": 5795000000,
    "grossProfit": 9983000000,
    "grossProfitRatio": 0.6327164406,
    "researchAndDevelopmentExpenses": 3069000000,
    "generalAndAdministrativeExpenses": 0,
    "sellingAndMarketingExpenses": 0,
    "sellingGeneralAndAdministrativeExpenses": 2006000000,
    "otherExpenses": -8000000,
    "operatingExpenses": 5149000000,
    "costAndExpenses": 10944000000,
    "interestIncome": 56000000,
    "interestExpense": 180000000,
    "depreciationAndAmortization": 74000000,
    "ebitda": 5292000000,
    "ebitdaratio": 0.3354037267,
    "operatingIncome": 4462000000,
    "operatingIncomeRatio": 0.2827988338,
    "totalOtherIncomeExpensesNet": -384000000,
    "incomeBeforeTax": 4318000000,
    "incomeBeforeTaxRatio": 0.2736722018,
    "incomeTaxExpense": 940000000,
    "netIncome": 3378000000,
    "netIncomeRatio": 0.2140955761,
    "eps": 0.71,
    "epsdiluted": 0.69,
    "weightedAverageShsOut": 4734000000,
    "weightedAverageShsOutDil": 4877000000,
    "link": "https://www.sec.gov/Archives/edgar/data/50863/000005086316000153/0000050863-16-000153-index.htm",
    "finalLink": "https://www.sec.gov/Archives/edgar/data/50863/000005086316000153/a10qdocument10012016.htm"
  },
  {
    "date": "2016-07-02",
    "symbol": "INTC",
    "reportedCurrency": "USD",
    "cik": "0000050863",
    "fillingDate": "2016-08-01",
    "acceptedDate": "2016-08-01 16:37:06",
    "calendarYear": "2016",
    "period": "Q2",
    "revenue": 13533000000,
    "costOfRevenue": 5560000000,
    "grossProfit": 7973000000,
    "grossProfitRatio": 0.5891524422,
    "researchAndDevelopmentExpenses": 3145000000,
    "generalAndAdministrativeExpenses": 0,
    "sellingAndMarketingExpenses": 0,
    "sellingGeneralAndAdministrativeExpenses": 2007000000,
    "otherExpenses": 10000000,
    "operatingExpenses": 5241000000,
    "costAndExpenses": 10801000000,
    "interestIncome": 51000000,
    "interestExpense": 187000000,
    "depreciationAndAmortization": 89000000,
    "ebitda": 3757000000,
    "ebitdaratio": 0.2776176753,
    "operatingIncome": 1318000000,
    "operatingIncomeRatio": 0.0973915614,
    "totalOtherIncomeExpensesNet": -936000000,
    "incomeBeforeTax": 1670000000,
    "incomeBeforeTaxRatio": 0.1234020542,
    "incomeTaxExpense": 340000000,
    "netIncome": 1330000000,
    "netIncomeRatio": 0.0982782827,
    "eps": 0.28,
    "epsdiluted": 0.27,
    "weightedAverageShsOut": 4729000000,
    "weightedAverageShsOutDil": 4866000000,
    "link": "https://www.sec.gov/Archives/edgar/data/50863/000005086316000142/0000050863-16-000142-index.htm",
    "finalLink": "https://www.sec.gov/Archives/edgar/data/50863/000005086316000142/a10qdocument07022016.htm"
  },
  {
    "date": "2016-04-02",
    "symbol": "INTC",
    "reportedCurrency": "USD",
    "cik": "0000050863",
    "fillingDate": "2016-05-02",
    "acceptedDate": "2016-05-02 17:15:56",
    "calendarYear": "2016",
    "period": "Q1",
    "revenue": 13702000000,
    "costOfRevenue": 5572000000,
    "grossProfit": 8130000000,
    "grossProfitRatio": 0.5933440374,
    "researchAndDevelopmentExpenses": 3246000000,
    "generalAndAdministrativeExpenses": 0,
    "sellingAndMarketingExpenses": 0,
    "sellingGeneralAndAdministrativeExpenses": 2226000000,
    "otherExpenses": 74000000,
    "operatingExpenses": 5562000000,
    "costAndExpenses": 11134000000,
    "interestIncome": 52000000,
    "interestExpense": 208000000,
    "depreciationAndAmortization": 90000000,
    "ebitda": 2636000000,
    "ebitdaratio": 0.1923806744,
    "operatingIncome": 2568000000,
    "operatingIncomeRatio": 0.1874178952,
    "totalOtherIncomeExpensesNet": 22000000,
    "incomeBeforeTax": 2508000000,
    "incomeBeforeTaxRatio": 0.1830389724,
    "incomeTaxExpense": 462000000,
    "netIncome": 2046000000,
    "netIncomeRatio": 0.149321267,
    "eps": 0.43,
    "epsdiluted": 0.42,
    "weightedAverageShsOut": 4722000000,
    "weightedAverageShsOutDil": 4875000000,
    "link": "https://www.sec.gov/Archives/edgar/data/50863/000005086316000125/0000050863-16-000125-index.htm",
    "finalLink": "https://www.sec.gov/Archives/edgar/data/50863/000005086316000125/a10qdocument04022016.htm"
  },
  {
    "date": "2015-12-26",
    "symbol": "INTC",
    "reportedCurrency": "USD",
    "cik": "0000050863",
    "fillingDate": "2016-02-12",
    "acceptedDate": "2016-02-12 08:09:19",
    "calendarYear": "2015",
    "period": "Q4",
    "revenue": 14914000000,
    "costOfRevenue": 5324000000,
    "grossProfit": 9590000000,
    "grossProfitRatio": 0.6430199812,
    "researchAndDevelopmentExpenses": 3119000000,
    "generalAndAdministrativeExpenses": 318000000,
    "sellingAndMarketingExpenses": 1800000000,
    "sellingGeneralAndAdministrativeExpenses": 2118000000,
    "otherExpenses": 79000000,
    "operatingExpenses": 5304000000,
    "costAndExpenses": 10628000000,
    "interestIncome": 33000000,
    "interestExpense": 126000000,
    "depreciationAndAmortization": 67000000,
    "ebitda": 4322000000,
    "ebitdaratio": 0.2897948237,
    "operatingIncome": 4299000000,
    "operatingIncomeRatio": 0.2882526485,
    "totalOtherIncomeExpensesNet": 31000000,
    "incomeBeforeTax": 4303000000,
    "incomeBeforeTaxRatio": 0.2885208529,
    "incomeTaxExpense": 690000000,
    "netIncome": 3613000000,
    "netIncomeRatio": 0.2422555988,
    "eps": 0.77,
    "epsdiluted": 0.74,
    "weightedAverageShsOut": 4722000000,
    "weightedAverageShsOutDil": 4876000000,
    "link": "https://www.sec.gov/Archives/edgar/data/50863/000005086316000105/0000050863-16-000105-index.htm",
    "finalLink": "https://www.sec.gov/Archives/edgar/data/50863/000005086316000105/a10kdocument12262015q4.htm"
  },
  {
    "date": "2015-09-26",
    "symbol": "INTC",
    "reportedCurrency": "USD",
    "cik": "0000050863",
    "fillingDate": "2015-10-28",
    "acceptedDate": "2015-10-28 08:54:56",
    "calendarYear": "2015",
    "period": "Q3",
    "revenue": 14465000000,
    "costOfRevenue": 5354000000,
    "grossProfit": 9111000000,
    "grossProfitRatio": 0.6298651918,
    "researchAndDevelopmentExpenses": 2927000000,
    "generalAndAdministrativeExpenses": 0,
    "sellingAndMarketingExpenses": 0,
    "sellingGeneralAndAdministrativeExpenses": 1910000000,
    "otherExpenses": -19000000,
    "operatingExpenses": 4905000000,
    "costAndExpenses": 10259000000,
    "interestIncome": 31000000,
    "interestExpense": 116000000,
    "depreciationAndAmortization": 68000000,
    "ebitda": 4123000000,
    "ebitdaratio": 0.2850328379,
    "operatingIncome": 4192000000,
    "operatingIncomeRatio": 0.2898029727,
    "totalOtherIncomeExpensesNet": 151000000,
    "incomeBeforeTax": 4253000000,
    "incomeBeforeTaxRatio": 0.2940200484,
    "incomeTaxExpense": 1144000000,
    "netIncome": 3109000000,
    "netIncomeRatio": 0.2149325959,
    "eps": 0.65,
    "epsdiluted": 0.64,
    "weightedAverageShsOut": 4747000000,
    "weightedAverageShsOutDil": 4876000000,
    "link": "https://www.sec.gov/Archives/edgar/data/50863/000005086315000072/0000050863-15-000072-index.htm",
    "finalLink": "https://www.sec.gov/Archives/edgar/data/50863/000005086315000072/a10qdocument9262015.htm"
  },
  {
    "date": "2015-06-27",
    "symbol": "INTC",
    "reportedCurrency": "USD",
    "cik": "0000050863",
    "fillingDate": "2015-07-27",
    "acceptedDate": "2015-07-27 09:02:07",
    "calendarYear": "2015",
    "period": "Q2",
    "revenue": 13195000000,
    "costOfRevenue": 4947000000,
    "grossProfit": 8248000000,
    "grossProfitRatio": 0.6250852596,
    "researchAndDevelopmentExpenses": 3087000000,
    "generalAndAdministrativeExpenses": 0,
    "sellingAndMarketingExpenses": 0,
    "sellingGeneralAndAdministrativeExpenses": 1949000000,
    "otherExpenses": 12000000,
    "operatingExpenses": 5104000000,
    "costAndExpenses": 10051000000,
    "interestIncome": 28000000,
    "interestExpense": 53000000,
    "depreciationAndAmortization": 68000000,
    "ebitda": 3360000000,
    "ebitdaratio": 0.2546419098,
    "operatingIncome": 2896000000,
    "operatingIncomeRatio": 0.2194770746,
    "totalOtherIncomeExpensesNet": -148000000,
    "incomeBeforeTax": 2983000000,
    "incomeBeforeTaxRatio": 0.2260704812,
    "incomeTaxExpense": 277000000,
    "netIncome": 2706000000,
    "netIncomeRatio": 0.2050776809,
    "eps": 0.57,
    "epsdiluted": 0.55,
    "weightedAverageShsOut": 4759000000,
    "weightedAverageShsOutDil": 4909000000,
    "link": "https://www.sec.gov/Archives/edgar/data/50863/000005086315000055/0000050863-15-000055-index.htm",
    "finalLink": "https://www.sec.gov/Archives/edgar/data/50863/000005086315000055/a10qdocument6272015.htm"
  },
  {
    "date": "2015-03-28",
    "symbol": "INTC",
    "reportedCurrency": "USD",
    "cik": "0000050863",
    "fillingDate": "2015-04-27",
    "acceptedDate": "2015-04-27 17:11:48",
    "calendarYear": "2015",
    "period": "Q1",
    "revenue": 12781000000,
    "costOfRevenue": 5051000000,
    "grossProfit": 7730000000,
    "grossProfitRatio": 0.6048040059,
    "researchAndDevelopmentExpenses": 2995000000,
    "generalAndAdministrativeExpenses": 0,
    "sellingAndMarketingExpenses": 0,
    "sellingGeneralAndAdministrativeExpenses": 1953000000,
    "otherExpenses": 36000000,
    "operatingExpenses": 5010000000,
    "costAndExpenses": 10061000000,
    "interestIncome": 32000000,
    "interestExpense": 42000000,
    "depreciationAndAmortization": 62000000,
    "ebitda": 2855000000,
    "ebitdaratio": 0.2233784524,
    "operatingIncome": 2615000000,
    "operatingIncomeRatio": 0.204600579,
    "totalOtherIncomeExpensesNet": -73000000,
    "incomeBeforeTax": 2673000000,
    "incomeBeforeTaxRatio": 0.2091385651,
    "incomeTaxExpense": 681000000,
    "netIncome": 1992000000,
    "netIncomeRatio": 0.1558563493,
    "eps": 0.42,
    "epsdiluted": 0.41,
    "weightedAverageShsOut": 4741000000,
    "weightedAverageShsOutDil": 4914000000,
    "link": "https://www.sec.gov/Archives/edgar/data/50863/000005086315000028/0000050863-15-000028-index.htm",
    "finalLink": "https://www.sec.gov/Archives/edgar/data/50863/000005086315000028/a10qdocument3282015.htm"
  },
  {
    "date": "2014-12-27",
    "symbol": "INTC",
    "reportedCurrency": "USD",
    "cik": "0000050863",
    "fillingDate": "2015-02-13",
    "acceptedDate": "2015-02-13 09:11:52",
    "calendarYear": "2014",
    "period": "Q4",
    "revenue": 14721000000,
    "costOfRevenue": 5100000000,
    "grossProfit": 9621000000,
    "grossProfitRatio": 0.6535561443,
    "researchAndDevelopmentExpenses": 2990000000,
    "generalAndAdministrativeExpenses": 249000000,
    "sellingAndMarketingExpenses": 1800000000,
    "sellingGeneralAndAdministrativeExpenses": 2049000000,
    "otherExpenses": -7000000,
    "operatingExpenses": 5111000000,
    "costAndExpenses": 10211000000,
    "interestIncome": 33000000,
    "interestExpense": 53000000,
    "depreciationAndAmortization": 72000000,
    "ebitda": 4406000000,
    "ebitdaratio": 0.2993003193,
    "operatingIncome": 4453000000,
    "operatingIncomeRatio": 0.3024930372,
    "totalOtherIncomeExpensesNet": 176000000,
    "incomeBeforeTax": 4659000000,
    "incomeBeforeTaxRatio": 0.3164866517,
    "incomeTaxExpense": 998000000,
    "netIncome": 3661000000,
    "netIncomeRatio": 0.2486923443,
    "eps": 0.77,
    "epsdiluted": 0.74,
    "weightedAverageShsOut": 4769000000,
    "weightedAverageShsOutDil": 4940000000,
    "link": "https://www.sec.gov/Archives/edgar/data/50863/000005086315000015/0000050863-15-000015-index.htm",
    "finalLink": "https://www.sec.gov/Archives/edgar/data/50863/000005086315000015/a10kdocument12272014.htm"
  },
  {
    "date": "2014-09-27",
    "symbol": "INTC",
    "reportedCurrency": "USD",
    "cik": "0000050863",
    "fillingDate": "2014-10-29",
    "acceptedDate": "2014-10-29 17:27:39",
    "calendarYear": "2014",
    "period": "Q3",
    "revenue": 14554000000,
    "costOfRevenue": 5096000000,
    "grossProfit": 9458000000,
    "grossProfitRatio": 0.6498557098,
    "researchAndDevelopmentExpenses": 2842000000,
    "generalAndAdministrativeExpenses": 0,
    "sellingAndMarketingExpenses": 0,
    "sellingGeneralAndAdministrativeExpenses": 1979000000,
    "otherExpenses": -7000000,
    "operatingExpenses": 4898000000,
    "costAndExpenses": 9994000000,
    "interestIncome": 35000000,
    "interestExpense": 53000000,
    "depreciationAndAmortization": 77000000,
    "ebitda": 4622000000,
    "ebitdaratio": 0.3175759241,
    "operatingIncome": 4540000000,
    "operatingIncomeRatio": 0.3119417342,
    "totalOtherIncomeExpensesNet": 15000000,
    "incomeBeforeTax": 4550000000,
    "incomeBeforeTaxRatio": 0.3126288306,
    "incomeTaxExpense": 1233000000,
    "netIncome": 3317000000,
    "netIncomeRatio": 0.227909853,
    "eps": 0.68,
    "epsdiluted": 0.66,
    "weightedAverageShsOut": 4880000000,
    "weightedAverageShsOutDil": 5045000000,
    "link": "https://www.sec.gov/Archives/edgar/data/50863/000005086314000069/0000050863-14-000069-index.htm",
    "finalLink": "https://www.sec.gov/Archives/edgar/data/50863/000005086314000069/a10qdocument9272014.htm"
  },
  {
    "date": "2014-06-28",
    "symbol": "INTC",
    "reportedCurrency": "USD",
    "cik": "0000050863",
    "fillingDate": "2014-07-25",
    "acceptedDate": "2014-07-25 09:02:54",
    "calendarYear": "2014",
    "period": "Q2",
    "revenue": 13831000000,
    "costOfRevenue": 4914000000,
    "grossProfit": 8917000000,
    "grossProfitRatio": 0.6447111561,
    "researchAndDevelopmentExpenses": 2859000000,
    "generalAndAdministrativeExpenses": 0,
    "sellingAndMarketingExpenses": 0,
    "sellingGeneralAndAdministrativeExpenses": 2061000000,
    "otherExpenses": -6000000,
    "operatingExpenses": 4992000000,
    "costAndExpenses": 9906000000,
    "interestIncome": 38000000,
    "interestExpense": 49000000,
    "depreciationAndAmortization": 72000000,
    "ebitda": 3983000000,
    "ebitdaratio": 0.2879762852,
    "operatingIncome": 3844000000,
    "operatingIncomeRatio": 0.2779263972,
    "totalOtherIncomeExpensesNet": 14000000,
    "incomeBeforeTax": 3922000000,
    "incomeBeforeTaxRatio": 0.2835659027,
    "incomeTaxExpense": 1126000000,
    "netIncome": 2796000000,
    "netIncomeRatio": 0.2021545803,
    "eps": 0.56,
    "epsdiluted": 0.55,
    "weightedAverageShsOut": 4981000000,
    "weightedAverageShsOutDil": 5123000000,
    "link": "https://www.sec.gov/Archives/edgar/data/50863/000005086314000058/0000050863-14-000058-index.htm",
    "finalLink": "https://www.sec.gov/Archives/edgar/data/50863/000005086314000058/a10qdocument6282014.htm"
  },
  {
    "date": "2014-03-29",
    "symbol": "INTC",
    "reportedCurrency": "USD",
    "cik": "0000050863",
    "fillingDate": "2014-04-25",
    "acceptedDate": "2014-04-25 09:04:50",
    "calendarYear": "2014",
    "period": "Q1",
    "revenue": 12764000000,
    "costOfRevenue": 5138000000,
    "grossProfit": 7626000000,
    "grossProfitRatio": 0.5974616108,
    "researchAndDevelopmentExpenses": 2846000000,
    "generalAndAdministrativeExpenses": 0,
    "sellingAndMarketingExpenses": 0,
    "sellingGeneralAndAdministrativeExpenses": 2037000000,
    "otherExpenses": 114000000,
    "operatingExpenses": 4956000000,
    "costAndExpenses": 10094000000,
    "interestIncome": 35000000,
    "interestExpense": 37000000,
    "depreciationAndAmortization": 73000000,
    "ebitda": 2832000000,
    "ebitdaratio": 0.2218740207,
    "operatingIncome": 2533000000,
    "operatingIncomeRatio": 0.1984487621,
    "totalOtherIncomeExpensesNet": -89000000,
    "incomeBeforeTax": 2693000000,
    "incomeBeforeTaxRatio": 0.2109840175,
    "incomeTaxExpense": 746000000,
    "netIncome": 1947000000,
    "netIncomeRatio": 0.1525383892,
    "eps": 0.39,
    "epsdiluted": 0.38,
    "weightedAverageShsOut": 4974000000,
    "weightedAverageShsOutDil": 5117000000,
    "link": "https://www.sec.gov/Archives/edgar/data/50863/000005086314000032/0000050863-14-000032-index.htm",
    "finalLink": "https://www.sec.gov/Archives/edgar/data/50863/000005086314000032/a10qdocument3292014.htm"
  },
  {
    "date": "2013-12-28",
    "symbol": "INTC",
    "reportedCurrency": "USD",
    "cik": "0000050863",
    "fillingDate": "2014-02-14",
    "acceptedDate": "2014-02-14 09:08:47",
    "calendarYear": "2013",
    "period": "Q4",
    "revenue": 13834000000,
    "costOfRevenue": 5263000000,
    "grossProfit": 8571000000,
    "grossProfitRatio": 0.6195605031,
    "researchAndDevelopmentExpenses": 2826000000,
    "generalAndAdministrativeExpenses": 106000000,
    "sellingAndMarketingExpenses": 1900000000,
    "sellingGeneralAndAdministrativeExpenses": 2006000000,
    "otherExpenses": -8000000,
    "operatingExpenses": 4906000000,
    "costAndExpenses": 10169000000,
    "interestIncome": 31000000,
    "interestExpense": 55000000,
    "depreciationAndAmortization": 74000000,
    "ebitda": 3821000000,
    "ebitdaratio": 0.2762035565,
    "operatingIncome": 3549000000,
    "operatingIncomeRatio": 0.2565418534,
    "totalOtherIncomeExpensesNet": -82000000,
    "incomeBeforeTax": 3551000000,
    "incomeBeforeTaxRatio": 0.2566864248,
    "incomeTaxExpense": 926000000,
    "netIncome": 2625000000,
    "netIncomeRatio": 0.1897498916,
    "eps": 0.53,
    "epsdiluted": 0.51,
    "weightedAverageShsOut": 4971000000,
    "weightedAverageShsOutDil": 5103000000,
    "link": "https://www.sec.gov/Archives/edgar/data/50863/000005086314000020/0000050863-14-000020-index.htm",
    "finalLink": "https://www.sec.gov/Archives/edgar/data/50863/000005086314000020/a10kdocument12282013.htm"
  },
  {
    "date": "2013-09-28",
    "symbol": "INTC",
    "reportedCurrency": "USD",
    "cik": "0000050863",
    "fillingDate": "2013-10-28",
    "acceptedDate": "2013-10-28 08:58:14",
    "calendarYear": "2013",
    "period": "Q3",
    "revenue": 13483000000,
    "costOfRevenue": 5069000000,
    "grossProfit": 8414000000,
    "grossProfitRatio": 0.6240450938,
    "researchAndDevelopmentExpenses": 2742000000,
    "generalAndAdministrativeExpenses": 0,
    "sellingAndMarketingExpenses": 0,
    "sellingGeneralAndAdministrativeExpenses": 1970000000,
    "otherExpenses": 198000000,
    "operatingExpenses": 4786000000,
    "costAndExpenses": 9855000000,
    "interestIncome": 24000000,
    "interestExpense": 56000000,
    "depreciationAndAmortization": 74000000,
    "ebitda": 3374000000,
    "ebitdaratio": 0.2502410443,
    "operatingIncome": 3504000000,
    "operatingIncomeRatio": 0.2598828154,
    "totalOtherIncomeExpensesNet": 328000000,
    "incomeBeforeTax": 3924000000,
    "incomeBeforeTaxRatio": 0.2910331529,
    "incomeTaxExpense": 974000000,
    "netIncome": 2950000000,
    "netIncomeRatio": 0.2187940369,
    "eps": 0.59,
    "epsdiluted": 0.58,
    "weightedAverageShsOut": 4981000000,
    "weightedAverageShsOutDil": 5100000000,
    "link": "https://www.sec.gov/Archives/edgar/data/50863/000005086313000104/0000050863-13-000104-index.htm",
    "finalLink": "https://www.sec.gov/Archives/edgar/data/50863/000005086313000104/a10qdocument9282013.htm"
  },
  {
    "date": "2013-06-29",
    "symbol": "INTC",
    "reportedCurrency": "USD",
    "cik": "0000050863",
    "fillingDate": "2013-07-29",
    "acceptedDate": "2013-07-29 17:04:49",
    "calendarYear": "2013",
    "period": "Q2",
    "revenue": 12811000000,
    "costOfRevenue": 5341000000,
    "grossProfit": 7470000000,
    "grossProfitRatio": 0.5830926547,
    "researchAndDevelopmentExpenses": 2516000000,
    "generalAndAdministrativeExpenses": 0,
    "sellingAndMarketingExpenses": 0,
    "sellingGeneralAndAdministrativeExpenses": 2165000000,
    "otherExpenses": -3000000,
    "operatingExpenses": 4751000000,
    "costAndExpenses": 10092000000,
    "interestIncome": 26000000,
    "interestExpense": 60000000,
    "depreciationAndAmortization": 70000000,
    "ebitda": 2778000000,
    "ebitdaratio": 0.2168448989,
    "operatingIncome": 2719000000,
    "operatingIncomeRatio": 0.2122394817,
    "totalOtherIncomeExpensesNet": 11000000,
    "incomeBeforeTax": 2693000000,
    "incomeBeforeTaxRatio": 0.2102099758,
    "incomeTaxExpense": 693000000,
    "netIncome": 2000000000,
    "netIncomeRatio": 0.156115838,
    "eps": 0.4,
    "epsdiluted": 0.39,
    "weightedAverageShsOut": 4978000000,
    "weightedAverageShsOutDil": 5106000000,
    "link": "https://www.sec.gov/Archives/edgar/data/50863/000005086313000087/0000050863-13-000087-index.htm",
    "finalLink": "https://www.sec.gov/Archives/edgar/data/50863/000005086313000087/a10qdocument6292013.htm"
  },
  {
    "date": "2013-03-30",
    "symbol": "INTC",
    "reportedCurrency": "USD",
    "cik": "0000050863",
    "fillingDate": "2013-04-29",
    "acceptedDate": "2013-04-29 17:14:42",
    "calendarYear": "2013",
    "period": "Q1",
    "revenue": 12580000000,
    "costOfRevenue": 5514000000,
    "grossProfit": 7066000000,
    "grossProfitRatio": 0.5616852146,
    "researchAndDevelopmentExpenses": 2527000000,
    "generalAndAdministrativeExpenses": 0,
    "sellingAndMarketingExpenses": 0,
    "sellingGeneralAndAdministrativeExpenses": 1947000000,
    "otherExpenses": 73000000,
    "operatingExpenses": 4547000000,
    "costAndExpenses": 10061000000,
    "interestIncome": 23000000,
    "interestExpense": 73000000,
    "depreciationAndAmortization": 73000000,
    "ebitda": 2618000000,
    "ebitdaratio": 0.2081081081,
    "operatingIncome": 2519000000,
    "operatingIncomeRatio": 0.2002384738,
    "totalOtherIncomeExpensesNet": -26000000,
    "incomeBeforeTax": 2443000000,
    "incomeBeforeTaxRatio": 0.1941971383,
    "incomeTaxExpense": 398000000,
    "netIncome": 2045000000,
    "netIncomeRatio": 0.1625596184,
    "eps": 0.41,
    "epsdiluted": 0.4,
    "weightedAverageShsOut": 4948000000,
    "weightedAverageShsOutDil": 5080000000,
    "link": "https://www.sec.gov/Archives/edgar/data/50863/000005086313000043/0000050863-13-000043-index.htm",
    "finalLink": "https://www.sec.gov/Archives/edgar/data/50863/000005086313000043/a10qdocument3302013.htm"
  },
  {
    "date": "2012-12-29",
    "symbol": "INTC",
    "reportedCurrency": "USD",
    "cik": "0000050863",
    "fillingDate": "2013-02-19",
    "acceptedDate": "2013-02-19 17:06:31",
    "calendarYear": "2012",
    "period": "Q4",
    "revenue": 13477000000,
    "costOfRevenue": 5660000000,
    "grossProfit": 7817000000,
    "grossProfitRatio": 0.5800252282,
    "researchAndDevelopmentExpenses": 2629000000,
    "generalAndAdministrativeExpenses": -42000000,
    "sellingAndMarketingExpenses": 2000000000,
    "sellingGeneralAndAdministrativeExpenses": 1958000000,
    "otherExpenses": 0,
    "operatingExpenses": 4662000000,
    "costAndExpenses": 10322000000,
    "interestIncome": 21000000,
    "interestExpense": 24000000,
    "depreciationAndAmortization": 75000000,
    "ebitda": 3170000000,
    "ebitdaratio": 0.2352155524,
    "operatingIncome": 3155000000,
    "operatingIncomeRatio": 0.2341025451,
    "totalOtherIncomeExpensesNet": 60000000,
    "incomeBeforeTax": 3204000000,
    "incomeBeforeTaxRatio": 0.2377383691,
    "incomeTaxExpense": 736000000,
    "netIncome": 2468000000,
    "netIncomeRatio": 0.1831268086,
    "eps": 0.5,
    "epsdiluted": 0.48,
    "weightedAverageShsOut": 4968000000,
    "weightedAverageShsOutDil": 5095000000,
    "link": "https://www.sec.gov/Archives/edgar/data/50863/000119312513065416/0001193125-13-065416-index.htm",
    "finalLink": "https://www.sec.gov/Archives/edgar/data/50863/000119312513065416/d424446d10k.htm"
  },
  {
    "date": "2012-09-29",
    "symbol": "INTC",
    "reportedCurrency": "USD",
    "cik": "0000050863",
    "fillingDate": "2012-10-31",
    "acceptedDate": "2012-10-31 17:14:21",
    "calendarYear": "2012",
    "period": "Q3",
    "revenue": 13457000000,
    "costOfRevenue": 4942000000,
    "grossProfit": 8515000000,
    "grossProfitRatio": 0.6327561864,
    "researchAndDevelopmentExpenses": 2605000000,
    "generalAndAdministrativeExpenses": 0,
    "sellingAndMarketingExpenses": 1995000000,
    "sellingGeneralAndAdministrativeExpenses": 1995000000,
    "otherExpenses": 0,
    "operatingExpenses": 4674000000,
    "costAndExpenses": 9616000000,
    "interestIncome": 23000000,
    "interestExpense": 14000000,
    "depreciationAndAmortization": 74000000,
    "ebitda": 3862000000,
    "ebitdaratio": 0.2869881846,
    "operatingIncome": 3841000000,
    "operatingIncomeRatio": 0.2854276585,
    "totalOtherIncomeExpensesNet": 53000000,
    "incomeBeforeTax": 3921000000,
    "incomeBeforeTaxRatio": 0.2913725199,
    "incomeTaxExpense": 949000000,
    "netIncome": 2972000000,
    "netIncomeRatio": 0.2208516014,
    "eps": 0.59,
    "epsdiluted": 0.58,
    "weightedAverageShsOut": 4996000000,
    "weightedAverageShsOutDil": 5153000000,
    "link": "https://www.sec.gov/Archives/edgar/data/50863/000119312512444095/0001193125-12-444095-index.htm",
    "finalLink": "https://www.sec.gov/Archives/edgar/data/50863/000119312512444095/d427493d10q.htm"
  },
  {
    "date": "2012-06-30",
    "symbol": "INTC",
    "reportedCurrency": "USD",
    "cik": "0000050863",
    "fillingDate": "2012-08-01",
    "acceptedDate": "2012-08-01 17:08:28",
    "calendarYear": "2012",
    "period": "Q2",
    "revenue": 13501000000,
    "costOfRevenue": 4947000000,
    "grossProfit": 8554000000,
    "grossProfitRatio": 0.6335826976,
    "researchAndDevelopmentExpenses": 2513000000,
    "generalAndAdministrativeExpenses": 0,
    "sellingAndMarketingExpenses": 2131000000,
    "sellingGeneralAndAdministrativeExpenses": 2131000000,
    "otherExpenses": 0,
    "operatingExpenses": 4722000000,
    "costAndExpenses": 9669000000,
    "interestIncome": 25000000,
    "interestExpense": 21000000,
    "depreciationAndAmortization": 78000000,
    "ebitda": 3863000000,
    "ebitdaratio": 0.2861269536,
    "operatingIncome": 3832000000,
    "operatingIncomeRatio": 0.2838308273,
    "totalOtherIncomeExpensesNet": 47000000,
    "incomeBeforeTax": 3934000000,
    "incomeBeforeTaxRatio": 0.2913858233,
    "incomeTaxExpense": 1107000000,
    "netIncome": 2827000000,
    "netIncomeRatio": 0.2093918969,
    "eps": 0.56,
    "epsdiluted": 0.54,
    "weightedAverageShsOut": 5022000000,
    "weightedAverageShsOutDil": 5199000000,
    "link": "https://www.sec.gov/Archives/edgar/data/50863/000119312512329132/0001193125-12-329132-index.htm",
    "finalLink": "https://www.sec.gov/Archives/edgar/data/50863/000119312512329132/d386477d10q.htm"
  },
  {
    "date": "2012-03-31",
    "symbol": "INTC",
    "reportedCurrency": "USD",
    "cik": "0000050863",
    "fillingDate": "2012-05-04",
    "acceptedDate": "2012-05-04 17:04:29",
    "calendarYear": "2012",
    "period": "Q1",
    "revenue": 12906000000,
    "costOfRevenue": 4641000000,
    "grossProfit": 8265000000,
    "grossProfitRatio": 0.640399814,
    "researchAndDevelopmentExpenses": 2401000000,
    "generalAndAdministrativeExpenses": 0,
    "sellingAndMarketingExpenses": 1973000000,
    "sellingGeneralAndAdministrativeExpenses": 1973000000,
    "otherExpenses": 0,
    "operatingExpenses": 4455000000,
    "costAndExpenses": 9096000000,
    "interestIncome": 28000000,
    "interestExpense": 31000000,
    "depreciationAndAmortization": 81000000,
    "ebitda": 3910000000,
    "ebitdaratio": 0.3029598636,
    "operatingIncome": 3810000000,
    "operatingIncomeRatio": 0.2952115295,
    "totalOtherIncomeExpensesNet": -19000000,
    "incomeBeforeTax": 3814000000,
    "incomeBeforeTaxRatio": 0.2955214629,
    "incomeTaxExpense": 1076000000,
    "netIncome": 2738000000,
    "netIncomeRatio": 0.2121493879,
    "eps": 0.55,
    "epsdiluted": 0.53,
    "weightedAverageShsOut": 4999000000,
    "weightedAverageShsOutDil": 5192000000,
    "link": "https://www.sec.gov/Archives/edgar/data/50863/000119312512212253/0001193125-12-212253-index.htm",
    "finalLink": "https://www.sec.gov/Archives/edgar/data/50863/000119312512212253/d320644d10q.htm"
  },
  {
    "date": "2011-12-31",
    "symbol": "INTC",
    "reportedCurrency": "USD",
    "cik": "0000050863",
    "fillingDate": "2012-02-23",
    "acceptedDate": "2012-02-23 17:05:25",
    "calendarYear": "2011",
    "period": "Q4",
    "revenue": 13887000000,
    "costOfRevenue": 4935000000,
    "grossProfit": 8952000000,
    "grossProfitRatio": 0.6446316699,
    "researchAndDevelopmentExpenses": 2308000000,
    "generalAndAdministrativeExpenses": 0,
    "sellingAndMarketingExpenses": 0,
    "sellingGeneralAndAdministrativeExpenses": 1973000000,
    "otherExpenses": 0,
    "operatingExpenses": 4353000000,
    "costAndExpenses": 9288000000,
    "interestIncome": 28000000,
    "interestExpense": 35000000,
    "depreciationAndAmortization": 1589000000,
    "ebitda": 6121000000,
    "ebitdaratio": 0.440771945,
    "operatingIncome": 4599000000,
    "operatingIncomeRatio": 0.3311730395,
    "totalOtherIncomeExpensesNet": -5000000,
    "incomeBeforeTax": 4587000000,
    "incomeBeforeTaxRatio": 0.330308922,
    "incomeTaxExpense": 1227000000,
    "netIncome": 3360000000,
    "netIncomeRatio": 0.2419529056,
    "eps": 0.66,
    "epsdiluted": 0.64,
    "weightedAverageShsOut": 5073000000,
    "weightedAverageShsOutDil": 5246000000,
    "link": "https://www.sec.gov/Archives/edgar/data/50863/000119312512075534/0001193125-12-075534-index.htm",
    "finalLink": "https://www.sec.gov/Archives/edgar/data/50863/000119312512075534/d302695d10k.htm"
  },
  {
    "date": "2011-10-01",
    "symbol": "INTC",
    "reportedCurrency": "USD",
    "cik": "0000050863",
    "fillingDate": "2011-11-04",
    "acceptedDate": "2011-11-04 17:08:32",
    "calendarYear": "2011",
    "period": "Q3",
    "revenue": 14233000000,
    "costOfRevenue": 5215000000,
    "grossProfit": 9018000000,
    "grossProfitRatio": 0.6335979765,
    "researchAndDevelopmentExpenses": 2140000000,
    "generalAndAdministrativeExpenses": 0,
    "sellingAndMarketingExpenses": 2017000000,
    "sellingGeneralAndAdministrativeExpenses": 2017000000,
    "otherExpenses": 0,
    "operatingExpenses": 4233000000,
    "costAndExpenses": 9448000000,
    "interestIncome": 15000000,
    "interestExpense": 0,
    "depreciationAndAmortization": 76000000,
    "ebitda": 4769000000,
    "ebitdaratio": 0.335066395,
    "operatingIncome": 4785000000,
    "operatingIncomeRatio": 0.3361905431,
    "totalOtherIncomeExpensesNet": 92000000,
    "incomeBeforeTax": 4892000000,
    "incomeBeforeTaxRatio": 0.3437082836,
    "incomeTaxExpense": 1424000000,
    "netIncome": 3468000000,
    "netIncomeRatio": 0.2436591021,
    "eps": 0.67,
    "epsdiluted": 0.65,
    "weightedAverageShsOut": 5194000000,
    "weightedAverageShsOutDil": 5340000000,
    "link": "https://www.sec.gov/Archives/edgar/data/50863/000119312511297669/0001193125-11-297669-index.htm",
    "finalLink": "https://www.sec.gov/Archives/edgar/data/50863/000119312511297669/d250787d10q.htm"
  },
  {
    "date": "2011-07-02",
    "symbol": "INTC",
    "reportedCurrency": "USD",
    "cik": "0000050863",
    "fillingDate": "2011-08-08",
    "acceptedDate": "2011-08-08 17:16:00",
    "calendarYear": "2011",
    "period": "Q2",
    "revenue": 25879000000,
    "costOfRevenue": 10092000000,
    "grossProfit": 15787000000,
    "grossProfitRatio": 0.6100312995,
    "researchAndDevelopmentExpenses": 3902000000,
    "generalAndAdministrativeExpenses": 1775000000,
    "sellingAndMarketingExpenses": 1905000000,
    "sellingGeneralAndAdministrativeExpenses": 3680000000,
    "otherExpenses": 0,
    "operatingExpenses": 7694000000,
    "costAndExpenses": 17786000000,
    "interestIncome": 20000000,
    "interestExpense": 0,
    "depreciationAndAmortization": 112000000,
    "ebitda": 8202000000,
    "ebitdaratio": 0.3169365122,
    "operatingIncome": 8093000000,
    "operatingIncomeRatio": 0.312724603,
    "totalOtherIncomeExpensesNet": 3000000,
    "incomeBeforeTax": 8302000000,
    "incomeBeforeTaxRatio": 0.3208006492,
    "incomeTaxExpense": 2188000000,
    "netIncome": 6114000000,
    "netIncomeRatio": 0.2362533328,
    "eps": 1.14,
    "epsdiluted": 1.11,
    "weightedAverageShsOut": 5376000000,
    "weightedAverageShsOutDil": 5527000000,
    "link": "https://www.sec.gov/Archives/edgar/data/50863/000095012311074495/0000950123-11-074495-index.htm",
    "finalLink": "https://www.sec.gov/Archives/edgar/data/50863/000095012311074495/f59247e10vq.htm"
  },
  {
    "date": "2011-04-02",
    "symbol": "INTC",
    "reportedCurrency": "USD",
    "cik": "0000050863",
    "fillingDate": "2011-05-09",
    "acceptedDate": "2011-05-09 17:08:42",
    "calendarYear": "2011",
    "period": "Q1",
    "revenue": 12847000000,
    "costOfRevenue": 4962000000,
    "grossProfit": 7885000000,
    "grossProfitRatio": 0.6137619678,
    "researchAndDevelopmentExpenses": 1916000000,
    "generalAndAdministrativeExpenses": 0,
    "sellingAndMarketingExpenses": 1775000000,
    "sellingGeneralAndAdministrativeExpenses": 1775000000,
    "otherExpenses": 0,
    "operatingExpenses": 3727000000,
    "costAndExpenses": 8689000000,
    "interestIncome": 28000000,
    "interestExpense": 6000000,
    "depreciationAndAmortization": 36000000,
    "ebitda": 4166000000,
    "ebitdaratio": 0.3242780416,
    "operatingIncome": 4158000000,
    "operatingIncomeRatio": 0.3236553281,
    "totalOtherIncomeExpensesNet": 28000000,
    "incomeBeforeTax": 4371000000,
    "incomeBeforeTaxRatio": 0.3402350743,
    "incomeTaxExpense": 1211000000,
    "netIncome": 3160000000,
    "netIncomeRatio": 0.2459718222,
    "eps": 0.58,
    "epsdiluted": 0.56,
    "weightedAverageShsOut": 5452000000,
    "weightedAverageShsOutDil": 5606000000,
    "link": "https://www.sec.gov/Archives/edgar/data/50863/000095012311047498/0000950123-11-047498-index.htm",
    "finalLink": "https://www.sec.gov/Archives/edgar/data/50863/000095012311047498/f58500e10vq.htm"
  },
  {
    "date": "2010-12-25",
    "symbol": "INTC",
    "reportedCurrency": "USD",
    "cik": "0000050863",
    "fillingDate": "2011-02-18",
    "acceptedDate": "2011-02-18 17:20:31",
    "calendarYear": "2010",
    "period": "Q4",
    "revenue": 11457000000,
    "costOfRevenue": 4051000000,
    "grossProfit": 7406000000,
    "grossProfitRatio": 0.6464170376,
    "researchAndDevelopmentExpenses": 1671000000,
    "generalAndAdministrativeExpenses": 0,
    "sellingAndMarketingExpenses": 0,
    "sellingGeneralAndAdministrativeExpenses": 1705000000,
    "otherExpenses": 0,
    "operatingExpenses": 3383000000,
    "costAndExpenses": 7434000000,
    "interestIncome": 29000000,
    "interestExpense": 0,
    "depreciationAndAmortization": 1206000000,
    "ebitda": 5684000000,
    "ebitdaratio": 0.4961159117,
    "operatingIncome": 4023000000,
    "operatingIncomeRatio": 0.3511390416,
    "totalOtherIncomeExpensesNet": 111000000,
    "incomeBeforeTax": 4163000000,
    "incomeBeforeTaxRatio": 0.3633586454,
    "incomeTaxExpense": 983000000,
    "netIncome": 3180000000,
    "netIncomeRatio": 0.2775595706,
    "eps": 0.57,
    "epsdiluted": 0.56,
    "weightedAverageShsOut": 5552000000,
    "weightedAverageShsOutDil": 5699000000,
    "link": "https://www.sec.gov/Archives/edgar/data/50863/000095012311015783/0000950123-11-015783-index.htm",
    "finalLink": "https://www.sec.gov/Archives/edgar/data/50863/000095012311015783/f56033e10vk.htm"
  },
  {
    "date": "2010-09-25",
    "symbol": "INTC",
    "reportedCurrency": "USD",
    "cik": "0000050863",
    "fillingDate": "2010-11-02",
    "acceptedDate": "2010-11-02 17:12:31",
    "calendarYear": "2010",
    "period": "Q3",
    "revenue": 11102000000,
    "costOfRevenue": 3781000000,
    "grossProfit": 7321000000,
    "grossProfitRatio": 0.6594307332,
    "researchAndDevelopmentExpenses": 1675000000,
    "generalAndAdministrativeExpenses": 0,
    "sellingAndMarketingExpenses": 0,
    "sellingGeneralAndAdministrativeExpenses": 1506000000,
    "otherExpenses": 0,
    "operatingExpenses": 3185000000,
    "costAndExpenses": 6966000000,
    "interestIncome": 35000000,
    "interestExpense": 0,
    "depreciationAndAmortization": 4000000,
    "ebitda": 4063000000,
    "ebitdaratio": 0.3659700955,
    "operatingIncome": 4136000000,
    "operatingIncomeRatio": 0.3725454873,
    "totalOtherIncomeExpensesNet": 77000000,
    "incomeBeforeTax": 4251000000,
    "incomeBeforeTaxRatio": 0.3829039813,
    "incomeTaxExpense": 1296000000,
    "netIncome": 2955000000,
    "netIncomeRatio": 0.266168258,
    "eps": 0.53,
    "epsdiluted": 0.52,
    "weightedAverageShsOut": 5575000000,
    "weightedAverageShsOutDil": 5694000000,
    "link": "https://www.sec.gov/Archives/edgar/data/50863/000095012310099521/0000950123-10-099521-index.htm",
    "finalLink": "https://www.sec.gov/Archives/edgar/data/50863/000095012310099521/f56770e10vq.htm"
  },
  {
    "date": "2010-06-26",
    "symbol": "INTC",
    "reportedCurrency": "USD",
    "cik": "0000050863",
    "fillingDate": "2010-07-30",
    "acceptedDate": "2010-07-30 17:12:47",
    "calendarYear": "2010",
    "period": "Q2",
    "revenue": 10765000000,
    "costOfRevenue": 3530000000,
    "grossProfit": 7235000000,
    "grossProfitRatio": 0.6720854621,
    "researchAndDevelopmentExpenses": 1666000000,
    "generalAndAdministrativeExpenses": 0,
    "sellingAndMarketingExpenses": 0,
    "sellingGeneralAndAdministrativeExpenses": 1584000000,
    "otherExpenses": 0,
    "operatingExpenses": 3254000000,
    "costAndExpenses": 6784000000,
    "interestIncome": 29000000,
    "interestExpense": 0,
    "depreciationAndAmortization": 4000000,
    "ebitda": 3792000000,
    "ebitdaratio": 0.3522526707,
    "operatingIncome": 3981000000,
    "operatingIncomeRatio": 0.369809568,
    "totalOtherIncomeExpensesNet": 193000000,
    "incomeBeforeTax": 4185000000,
    "incomeBeforeTaxRatio": 0.3887598699,
    "incomeTaxExpense": 1298000000,
    "netIncome": 2887000000,
    "netIncomeRatio": 0.2681839294,
    "eps": 0.52,
    "epsdiluted": 0.51,
    "weightedAverageShsOut": 5563000000,
    "weightedAverageShsOutDil": 5711000000,
    "link": "https://www.sec.gov/Archives/edgar/data/50863/000095012310070570/0000950123-10-070570-index.htm",
    "finalLink": "https://www.sec.gov/Archives/edgar/data/50863/000095012310070570/f56011e10vq.htm"
  },
  {
    "date": "2010-03-27",
    "symbol": "INTC",
    "reportedCurrency": "USD",
    "cik": "0000050863",
    "fillingDate": "2010-05-03",
    "acceptedDate": "2010-05-03 17:17:00",
    "calendarYear": "2010",
    "period": "Q1",
    "revenue": 10299000000,
    "costOfRevenue": 3770000000,
    "grossProfit": 6529000000,
    "grossProfitRatio": 0.6339450432,
    "researchAndDevelopmentExpenses": 1564000000,
    "generalAndAdministrativeExpenses": 0,
    "sellingAndMarketingExpenses": 0,
    "sellingGeneralAndAdministrativeExpenses": 1514000000,
    "otherExpenses": 0,
    "operatingExpenses": 3081000000,
    "costAndExpenses": 6851000000,
    "interestIncome": 0,
    "interestExpense": 0,
    "depreciationAndAmortization": 3000000,
    "ebitda": 3482000000,
    "ebitdaratio": 0.3380910768,
    "operatingIncome": 3448000000,
    "operatingIncomeRatio": 0.3347897854,
    "totalOtherIncomeExpensesNet": -31000000,
    "incomeBeforeTax": 3446000000,
    "incomeBeforeTaxRatio": 0.3345955918,
    "incomeTaxExpense": 1004000000,
    "netIncome": 2442000000,
    "netIncomeRatio": 0.2371103991,
    "eps": 0.44,
    "epsdiluted": 0.43,
    "weightedAverageShsOut": 5529000000,
    "weightedAverageShsOutDil": 5681000000,
    "link": "https://www.sec.gov/Archives/edgar/data/50863/000095012310042822/0000950123-10-042822-index.htm",
    "finalLink": "https://www.sec.gov/Archives/edgar/data/50863/000095012310042822/f55272e10vq.htm"
  },
  {
    "date": "2009-12-26",
    "symbol": "INTC",
    "reportedCurrency": "USD",
    "cik": "0000050863",
    "fillingDate": "2010-02-22",
    "acceptedDate": "2010-02-22 17:14:00",
    "calendarYear": "2009",
    "period": "Q4",
    "revenue": 10569000000,
    "costOfRevenue": 3729000000,
    "grossProfit": 6840000000,
    "grossProfitRatio": 0.6471757025,
    "researchAndDevelopmentExpenses": 1603000000,
    "generalAndAdministrativeExpenses": 0,
    "sellingAndMarketingExpenses": 0,
    "sellingGeneralAndAdministrativeExpenses": 2718000000,
    "otherExpenses": 0,
    "operatingExpenses": 4340000000,
    "costAndExpenses": 8069000000,
    "interestIncome": 24000000,
    "interestExpense": 0,
    "depreciationAndAmortization": 1261000000,
    "ebitda": 3615000000,
    "ebitdaratio": 0.3420380358,
    "operatingIncome": 2497000000,
    "operatingIncomeRatio": 0.236256978,
    "totalOtherIncomeExpensesNet": 69000000,
    "incomeBeforeTax": 2593000000,
    "incomeBeforeTaxRatio": 0.2453401457,
    "incomeTaxExpense": 311000000,
    "netIncome": 2282000000,
    "netIncomeRatio": 0.2159144668,
    "eps": 0.42,
    "epsdiluted": 0.4,
    "weightedAverageShsOut": 5524000000,
    "weightedAverageShsOutDil": 5650000000,
    "link": "https://www.sec.gov/Archives/edgar/data/50863/000095012310015237/0000950123-10-015237-index.htm",
    "finalLink": "https://www.sec.gov/Archives/edgar/data/50863/000095012310015237/f54119e10vk.htm"
  }
]