[
  {
    "date": "2024-09-30",
    "symbol": "SILC",
    "reportedCurrency": "USD",
    "cik": "0000916793",
    "fillingDate": "2024-09-30",
    "acceptedDate": "2024-09-28 20:00:00",
    "calendarYear": "2024",
    "period": "Q3",
    "revenue": 14756000,
    "costOfRevenue": 10593000,
    "grossProfit": 4163000,
    "grossProfitRatio": 0.2821225264,
    "researchAndDevelopmentExpenses": 4958000,
    "generalAndAdministrativeExpenses": 0,
    "sellingAndMarketingExpenses": 0,
    "sellingGeneralAndAdministrativeExpenses": 2318000,
    "otherExpenses": 0,
    "operatingExpenses": 7276000,
    "costAndExpenses": 17869000,
    "interestIncome": 515000,
    "interestExpense": 0,
    "depreciationAndAmortization": 515000,
    "ebitda": -2598000,
    "ebitdaratio": -0.176063974,
    "operatingIncome": -3113000,
    "operatingIncomeRatio": -0.2109650312,
    "totalOtherIncomeExpensesNet": 515000,
    "incomeBeforeTax": -2598000,
    "incomeBeforeTaxRatio": -0.176063974,
    "incomeTaxExpense": 32000,
    "netIncome": -2630000,
    "netIncomeRatio": -0.1782325834,
    "eps": -0.44,
    "epsdiluted": -0.44,
    "weightedAverageShsOut": 5919000,
    "weightedAverageShsOutDil": 5919000,
    "link": null,
    "finalLink": null
  },
  {
    "date": "2024-06-30",
    "symbol": "SILC",
    "reportedCurrency": "USD",
    "cik": "0000916793",
    "fillingDate": "2024-05-02",
    "acceptedDate": "2024-05-02 08:00:07",
    "calendarYear": "2024",
    "period": "Q2",
    "revenue": 14502000,
    "costOfRevenue": 10239000,
    "grossProfit": 4263000,
    "grossProfitRatio": 0.2939594539,
    "researchAndDevelopmentExpenses": 4948000,
    "generalAndAdministrativeExpenses": 965000,
    "sellingAndMarketingExpenses": 1474000,
    "sellingGeneralAndAdministrativeExpenses": 2439000,
    "otherExpenses": 0,
    "operatingExpenses": 7387000,
    "costAndExpenses": 17626000,
    "interestIncome": 687000,
    "interestExpense": 0,
    "depreciationAndAmortization": 624250,
    "ebitda": -3124000,
    "ebitdaratio": -0.215418563,
    "operatingIncome": -3124000,
    "operatingIncomeRatio": -0.215418563,
    "totalOtherIncomeExpensesNet": 686999,
    "incomeBeforeTax": -2437000,
    "incomeBeforeTaxRatio": -0.1680457868,
    "incomeTaxExpense": -921000,
    "netIncome": -1516000,
    "netIncomeRatio": -0.1045373052,
    "eps": -0.25,
    "epsdiluted": -0.25,
    "weightedAverageShsOut": 6079000,
    "weightedAverageShsOutDil": 6079000,
    "link": "https://www.sec.gov/Archives/edgar/data/916793/000117891324001549/0001178913-24-001549-index.htm",
    "finalLink": "https://www.sec.gov/Archives/edgar/data/916793/000117891324001549/exhibit_99-1.htm"
  },
  {
    "date": "2024-03-31",
    "symbol": "SILC",
    "reportedCurrency": "USD",
    "cik": "0000916793",
    "fillingDate": "2024-05-02",
    "acceptedDate": "2024-05-02 08:00:07",
    "calendarYear": "2024",
    "period": "Q1",
    "revenue": 14365000,
    "costOfRevenue": 10326000,
    "grossProfit": 4039000,
    "grossProfitRatio": 0.2811695092,
    "researchAndDevelopmentExpenses": 4921000,
    "generalAndAdministrativeExpenses": 1061000,
    "sellingAndMarketingExpenses": 1520000,
    "sellingGeneralAndAdministrativeExpenses": 2581000,
    "otherExpenses": -4921000,
    "operatingExpenses": 7502000,
    "costAndExpenses": 17828000,
    "interestIncome": 0,
    "interestExpense": 0,
    "depreciationAndAmortization": 624250,
    "ebitda": -3463000,
    "ebitdaratio": -0.2410720501,
    "operatingIncome": -3463000,
    "operatingIncomeRatio": -0.2410720501,
    "totalOtherIncomeExpensesNet": 398999,
    "incomeBeforeTax": -3064000,
    "incomeBeforeTaxRatio": -0.2132962061,
    "incomeTaxExpense": 368000,
    "netIncome": -3432000,
    "netIncomeRatio": -0.2389140271,
    "eps": -0.55,
    "epsdiluted": -0.55,
    "weightedAverageShsOut": 6274000,
    "weightedAverageShsOutDil": 6274000,
    "link": "https://www.sec.gov/Archives/edgar/data/916793/000117891324001549/0001178913-24-001549-index.htm",
    "finalLink": "https://www.sec.gov/Archives/edgar/data/916793/000117891324001549/exhibit_99-1.htm"
  },
  {
    "date": "2023-12-31",
    "symbol": "SILC",
    "reportedCurrency": "USD",
    "cik": "0000916793",
    "fillingDate": "2024-03-18",
    "acceptedDate": "2024-03-18 08:03:48",
    "calendarYear": "2023",
    "period": "Q4",
    "revenue": 18763000,
    "costOfRevenue": 23257000,
    "grossProfit": -4494000,
    "grossProfitRatio": -0.239513937,
    "researchAndDevelopmentExpenses": 5016000,
    "generalAndAdministrativeExpenses": 1024000,
    "sellingAndMarketingExpenses": 1592000,
    "sellingGeneralAndAdministrativeExpenses": 2616000,
    "otherExpenses": 0,
    "operatingExpenses": 7632000,
    "costAndExpenses": 30889000,
    "interestIncome": 171000,
    "interestExpense": 0,
    "depreciationAndAmortization": 624250,
    "ebitda": -12126000,
    "ebitdaratio": -0.6462719181,
    "operatingIncome": -12126000,
    "operatingIncomeRatio": -0.6462719181,
    "totalOtherIncomeExpensesNet": 171000,
    "incomeBeforeTax": -11955000,
    "incomeBeforeTaxRatio": -0.637158237,
    "incomeTaxExpense": -446000,
    "netIncome": -11509000,
    "netIncomeRatio": -0.613388051,
    "eps": -1.7,
    "epsdiluted": -1.7,
    "weightedAverageShsOut": 6756289,
    "weightedAverageShsOutDil": 6756289,
    "link": "https://www.sec.gov/Archives/edgar/data/916793/000117891324000970/0001178913-24-000970-index.htm",
    "finalLink": "https://www.sec.gov/Archives/edgar/data/916793/000117891324000970/exhibit_99-1.htm"
  },
  {
    "date": "2023-09-30",
    "symbol": "SILC",
    "reportedCurrency": "USD",
    "cik": "0000916793",
    "fillingDate": "2023-09-30",
    "acceptedDate": "2023-09-30 00:00:00",
    "calendarYear": "2023",
    "period": "Q3",
    "revenue": 30057000,
    "costOfRevenue": 20821000,
    "grossProfit": 9236000,
    "grossProfitRatio": 0.3072828293,
    "researchAndDevelopmentExpenses": 5231000,
    "generalAndAdministrativeExpenses": 1099000,
    "sellingAndMarketingExpenses": 1946000,
    "sellingGeneralAndAdministrativeExpenses": 3045000,
    "otherExpenses": 0,
    "operatingExpenses": 8276000,
    "costAndExpenses": 29097000,
    "interestIncome": 434000,
    "interestExpense": 0,
    "depreciationAndAmortization": 603750,
    "ebitda": 960000,
    "ebitdaratio": 0.0319393153,
    "operatingIncome": 960000,
    "operatingIncomeRatio": 0.0319393153,
    "totalOtherIncomeExpensesNet": 434000,
    "incomeBeforeTax": 1394000,
    "incomeBeforeTaxRatio": 0.0463785474,
    "incomeTaxExpense": 183000,
    "netIncome": 1211000,
    "netIncomeRatio": 0.0402901154,
    "eps": 0.18,
    "epsdiluted": 0.18,
    "weightedAverageShsOut": 6744000,
    "weightedAverageShsOutDil": 6753000,
    "link": null,
    "finalLink": null
  },
  {
    "date": "2023-06-30",
    "symbol": "SILC",
    "reportedCurrency": "USD",
    "cik": "0000916793",
    "fillingDate": "2023-05-01",
    "acceptedDate": "2023-05-01 08:00:32",
    "calendarYear": "2023",
    "period": "Q2",
    "revenue": 38130000,
    "costOfRevenue": 25968000,
    "grossProfit": 12162000,
    "grossProfitRatio": 0.3189614477,
    "researchAndDevelopmentExpenses": 5253000,
    "generalAndAdministrativeExpenses": 1013000,
    "sellingAndMarketingExpenses": 1894000,
    "sellingGeneralAndAdministrativeExpenses": 2907000,
    "otherExpenses": 0,
    "operatingExpenses": 8160000,
    "costAndExpenses": 34128000,
    "interestIncome": 468000,
    "interestExpense": 0,
    "depreciationAndAmortization": 603750,
    "ebitda": 4002000,
    "ebitdaratio": 0.104956727,
    "operatingIncome": 4002000,
    "operatingIncomeRatio": 0.104956727,
    "totalOtherIncomeExpensesNet": 468000,
    "incomeBeforeTax": 4470000,
    "incomeBeforeTaxRatio": 0.1172305271,
    "incomeTaxExpense": 664000,
    "netIncome": 3806000,
    "netIncomeRatio": 0.0998164175,
    "eps": 0.56,
    "epsdiluted": 0.56,
    "weightedAverageShsOut": 6772000,
    "weightedAverageShsOutDil": 6827000,
    "link": "https://www.sec.gov/Archives/edgar/data/916793/000117891323001602/0001178913-23-001602-index.htm",
    "finalLink": "https://www.sec.gov/Archives/edgar/data/916793/000117891323001602/exhibit_99-1.htm"
  },
  {
    "date": "2023-03-31",
    "symbol": "SILC",
    "reportedCurrency": "USD",
    "cik": "0000916793",
    "fillingDate": "2023-05-01",
    "acceptedDate": "2023-05-01 08:00:32",
    "calendarYear": "2023",
    "period": "Q1",
    "revenue": 37181000,
    "costOfRevenue": 25396000,
    "grossProfit": 11785000,
    "grossProfitRatio": 0.316962965,
    "researchAndDevelopmentExpenses": 5138000,
    "generalAndAdministrativeExpenses": 1093000,
    "sellingAndMarketingExpenses": 1503000,
    "sellingGeneralAndAdministrativeExpenses": 2596000,
    "otherExpenses": 0,
    "operatingExpenses": 7734000,
    "costAndExpenses": 33130000,
    "interestIncome": 299000,
    "interestExpense": -299000,
    "depreciationAndAmortization": 603750,
    "ebitda": 4051000,
    "ebitdaratio": 0.1089534978,
    "operatingIncome": 4051000,
    "operatingIncomeRatio": 0.1089534978,
    "totalOtherIncomeExpensesNet": 299000,
    "incomeBeforeTax": 4350000,
    "incomeBeforeTaxRatio": 0.1169952395,
    "incomeTaxExpense": 813000,
    "netIncome": 3537000,
    "netIncomeRatio": 0.0951292327,
    "eps": 0.52,
    "epsdiluted": 0.52,
    "weightedAverageShsOut": 6747000,
    "weightedAverageShsOutDil": 6848000,
    "link": "https://www.sec.gov/Archives/edgar/data/916793/000117891323001602/0001178913-23-001602-index.htm",
    "finalLink": "https://www.sec.gov/Archives/edgar/data/916793/000117891323001602/exhibit_99-1.htm"
  },
  {
    "date": "2022-12-31",
    "symbol": "SILC",
    "reportedCurrency": "USD",
    "cik": "0000916793",
    "fillingDate": "2023-04-27",
    "acceptedDate": "2023-04-27 09:42:17",
    "calendarYear": "2022",
    "period": "Q4",
    "revenue": 45193000,
    "costOfRevenue": 30204000,
    "grossProfit": 14989000,
    "grossProfitRatio": 0.3316664085,
    "researchAndDevelopmentExpenses": 5076000,
    "generalAndAdministrativeExpenses": 1042000,
    "sellingAndMarketingExpenses": 1809000,
    "sellingGeneralAndAdministrativeExpenses": 2851000,
    "otherExpenses": 0,
    "operatingExpenses": 7927000,
    "costAndExpenses": 38131000,
    "interestIncome": 439000,
    "interestExpense": 439000,
    "depreciationAndAmortization": 603750,
    "ebitda": 7062000,
    "ebitdaratio": 0.1562631381,
    "operatingIncome": 7062000,
    "operatingIncomeRatio": 0.1562631381,
    "totalOtherIncomeExpensesNet": 439000,
    "incomeBeforeTax": 7501000,
    "incomeBeforeTaxRatio": 0.1659770318,
    "incomeTaxExpense": 1880000,
    "netIncome": 5621000,
    "netIncomeRatio": 0.1243776691,
    "eps": 0.84,
    "epsdiluted": 0.82,
    "weightedAverageShsOut": 6727000,
    "weightedAverageShsOutDil": 6817000,
    "link": "https://www.sec.gov/Archives/edgar/data/916793/000117891323001545/0001178913-23-001545-index.htm",
    "finalLink": "https://www.sec.gov/Archives/edgar/data/916793/000117891323001545/zk2329567.htm"
  },
  {
    "date": "2022-09-30",
    "symbol": "SILC",
    "reportedCurrency": "USD",
    "cik": "0000916793",
    "fillingDate": "2022-09-30",
    "acceptedDate": "2022-09-29 20:00:00",
    "calendarYear": "2022",
    "period": "Q3",
    "revenue": 39165000,
    "costOfRevenue": 25210000,
    "grossProfit": 13955000,
    "grossProfitRatio": 0.3563130346,
    "researchAndDevelopmentExpenses": 4752000,
    "generalAndAdministrativeExpenses": 1107000,
    "sellingAndMarketingExpenses": 1799000,
    "sellingGeneralAndAdministrativeExpenses": 2906000,
    "otherExpenses": 0,
    "operatingExpenses": 7658000,
    "costAndExpenses": 32868000,
    "interestIncome": 525000,
    "interestExpense": 525000,
    "depreciationAndAmortization": 609250,
    "ebitda": 6297000,
    "ebitdaratio": 0.1607813098,
    "operatingIncome": 6297000,
    "operatingIncomeRatio": 0.1607813098,
    "totalOtherIncomeExpensesNet": 525000,
    "incomeBeforeTax": 6822000,
    "incomeBeforeTaxRatio": 0.1741861356,
    "incomeTaxExpense": 834000,
    "netIncome": 5988000,
    "netIncomeRatio": 0.1528916124,
    "eps": 0.89,
    "epsdiluted": 0.88,
    "weightedAverageShsOut": 6711000,
    "weightedAverageShsOutDil": 6793000,
    "link": "",
    "finalLink": ""
  },
  {
    "date": "2022-06-30",
    "symbol": "SILC",
    "reportedCurrency": "USD",
    "cik": "0000916793",
    "fillingDate": "2022-06-30",
    "acceptedDate": "2022-06-29 20:00:00",
    "calendarYear": "2022",
    "period": "Q2",
    "revenue": 34154000,
    "costOfRevenue": 22032000,
    "grossProfit": 12122000,
    "grossProfitRatio": 0.3549218247,
    "researchAndDevelopmentExpenses": 5257000,
    "generalAndAdministrativeExpenses": 1131000,
    "sellingAndMarketingExpenses": 1599000,
    "sellingGeneralAndAdministrativeExpenses": 2730000,
    "otherExpenses": 0,
    "operatingExpenses": 7987000,
    "costAndExpenses": 30019000,
    "interestIncome": 0,
    "interestExpense": -1159000,
    "depreciationAndAmortization": 609250,
    "ebitda": 4135000,
    "ebitdaratio": 0.1210692745,
    "operatingIncome": 4135000,
    "operatingIncomeRatio": 0.1210692745,
    "totalOtherIncomeExpensesNet": 1159000,
    "incomeBeforeTax": 5294000,
    "incomeBeforeTaxRatio": 0.1550038063,
    "incomeTaxExpense": 770000,
    "netIncome": 4524000,
    "netIncomeRatio": 0.1324588628,
    "eps": 0.68,
    "epsdiluted": 0.67,
    "weightedAverageShsOut": 6666000,
    "weightedAverageShsOutDil": 6749000,
    "link": "",
    "finalLink": ""
  },
  {
    "date": "2022-03-31",
    "symbol": "SILC",
    "reportedCurrency": "USD",
    "cik": "0000916793",
    "fillingDate": "2022-03-31",
    "acceptedDate": "2022-03-30 20:00:00",
    "calendarYear": "2022",
    "period": "Q1",
    "revenue": 32070000,
    "costOfRevenue": 21180000,
    "grossProfit": 10890000,
    "grossProfitRatio": 0.3395696913,
    "researchAndDevelopmentExpenses": 5478000,
    "generalAndAdministrativeExpenses": 1197000,
    "sellingAndMarketingExpenses": 1783000,
    "sellingGeneralAndAdministrativeExpenses": 2980000,
    "otherExpenses": 0,
    "operatingExpenses": 8458000,
    "costAndExpenses": 29638000,
    "interestIncome": 0,
    "interestExpense": -341000,
    "depreciationAndAmortization": 609250,
    "ebitda": 2432000,
    "ebitdaratio": 0.0758341129,
    "operatingIncome": 2432000,
    "operatingIncomeRatio": 0.0758341129,
    "totalOtherIncomeExpensesNet": 341000,
    "incomeBeforeTax": 2773000,
    "incomeBeforeTaxRatio": 0.0864671032,
    "incomeTaxExpense": 600000,
    "netIncome": 2173000,
    "netIncomeRatio": 0.0677580293,
    "eps": 0.33,
    "epsdiluted": 0.32,
    "weightedAverageShsOut": 6682000,
    "weightedAverageShsOutDil": 6829000,
    "link": "",
    "finalLink": ""
  },
  {
    "date": "2021-12-31",
    "symbol": "SILC",
    "reportedCurrency": "USD",
    "cik": "0000916793",
    "fillingDate": "2022-04-27",
    "acceptedDate": "2022-04-27 09:05:56",
    "calendarYear": "2021",
    "period": "Q4",
    "revenue": 36303000,
    "costOfRevenue": 23757000,
    "grossProfit": 12546000,
    "grossProfitRatio": 0.3455912734,
    "researchAndDevelopmentExpenses": 5102000,
    "generalAndAdministrativeExpenses": 1240000,
    "sellingAndMarketingExpenses": 1850000,
    "sellingGeneralAndAdministrativeExpenses": 3090000,
    "otherExpenses": 0,
    "operatingExpenses": 8192000,
    "costAndExpenses": 31949000,
    "interestIncome": 0,
    "interestExpense": 556000,
    "depreciationAndAmortization": 609250,
    "ebitda": 4354000,
    "ebitdaratio": 0.1199349916,
    "operatingIncome": 4354000,
    "operatingIncomeRatio": 0.1199349916,
    "totalOtherIncomeExpensesNet": -556000,
    "incomeBeforeTax": 3798000,
    "incomeBeforeTaxRatio": 0.1046194529,
    "incomeTaxExpense": 504000,
    "netIncome": 3294000,
    "netIncomeRatio": 0.0907363028,
    "eps": 0.49,
    "epsdiluted": 0.48,
    "weightedAverageShsOut": 6732000,
    "weightedAverageShsOutDil": 6887000,
    "link": "https://www.sec.gov/Archives/edgar/data/916793/000117891322001612/0001178913-22-001612-index.htm",
    "finalLink": "https://www.sec.gov/Archives/edgar/data/916793/000117891322001612/zk2227655.htm"
  },
  {
    "date": "2021-09-30",
    "symbol": "SILC",
    "reportedCurrency": "USD",
    "cik": "0000916793",
    "fillingDate": "2021-09-30",
    "acceptedDate": "2021-09-29 20:00:00",
    "calendarYear": "2021",
    "period": "Q3",
    "revenue": 32878000,
    "costOfRevenue": 21720000,
    "grossProfit": 11158000,
    "grossProfitRatio": 0.3393758744,
    "researchAndDevelopmentExpenses": 4999000,
    "generalAndAdministrativeExpenses": 1152000,
    "sellingAndMarketingExpenses": 1580000,
    "sellingGeneralAndAdministrativeExpenses": 2732000,
    "otherExpenses": 0,
    "operatingExpenses": 7731000,
    "costAndExpenses": 29451000,
    "interestIncome": 0,
    "interestExpense": 0,
    "depreciationAndAmortization": 595999,
    "ebitda": 3427000,
    "ebitdaratio": 0.1042338342,
    "operatingIncome": 3427000,
    "operatingIncomeRatio": 0.1042338342,
    "totalOtherIncomeExpensesNet": -130000,
    "incomeBeforeTax": 3297000,
    "incomeBeforeTaxRatio": 0.1002798224,
    "incomeTaxExpense": 679000,
    "netIncome": 2618000,
    "netIncomeRatio": 0.0796277146,
    "eps": 0.39,
    "epsdiluted": 0.38,
    "weightedAverageShsOut": 6795000,
    "weightedAverageShsOutDil": 6931000,
    "link": "",
    "finalLink": ""
  },
  {
    "date": "2021-06-30",
    "symbol": "SILC",
    "reportedCurrency": "USD",
    "cik": "0000916793",
    "fillingDate": "2021-06-30",
    "acceptedDate": "2021-06-29 20:00:00",
    "calendarYear": "2021",
    "period": "Q2",
    "revenue": 30277000,
    "costOfRevenue": 19524000,
    "grossProfit": 10753000,
    "grossProfitRatio": 0.3551540774,
    "researchAndDevelopmentExpenses": 4970000,
    "generalAndAdministrativeExpenses": 1186000,
    "sellingAndMarketingExpenses": 1614000,
    "sellingGeneralAndAdministrativeExpenses": 2800000,
    "otherExpenses": 0,
    "operatingExpenses": 7770000,
    "costAndExpenses": 27294000,
    "interestIncome": 0,
    "interestExpense": 0,
    "depreciationAndAmortization": 596000,
    "ebitda": 2983000,
    "ebitdaratio": 0.0985236318,
    "operatingIncome": 2983000,
    "operatingIncomeRatio": 0.0985236318,
    "totalOtherIncomeExpensesNet": -283000,
    "incomeBeforeTax": 2700000,
    "incomeBeforeTaxRatio": 0.0891766027,
    "incomeTaxExpense": 666000,
    "netIncome": 2034000,
    "netIncomeRatio": 0.0671797074,
    "eps": 0.3,
    "epsdiluted": 0.29,
    "weightedAverageShsOut": 6868000,
    "weightedAverageShsOutDil": 6992000,
    "link": "",
    "finalLink": ""
  },
  {
    "date": "2021-03-31",
    "symbol": "SILC",
    "reportedCurrency": "USD",
    "cik": "0000916793",
    "fillingDate": "2021-03-31",
    "acceptedDate": "2021-03-30 20:00:00",
    "calendarYear": "2021",
    "period": "Q1",
    "revenue": 29002000,
    "costOfRevenue": 19071000,
    "grossProfit": 9931000,
    "grossProfitRatio": 0.3424246604,
    "researchAndDevelopmentExpenses": 5020000,
    "generalAndAdministrativeExpenses": 1063000,
    "sellingAndMarketingExpenses": 1555000,
    "sellingGeneralAndAdministrativeExpenses": 2618000,
    "otherExpenses": 0,
    "operatingExpenses": 7638000,
    "costAndExpenses": 26709000,
    "interestIncome": 0,
    "interestExpense": 0,
    "depreciationAndAmortization": 596000,
    "ebitda": 2293000,
    "ebitdaratio": 0.0790635129,
    "operatingIncome": 2293000,
    "operatingIncomeRatio": 0.0790635129,
    "totalOtherIncomeExpensesNet": 817000,
    "incomeBeforeTax": 3110000,
    "incomeBeforeTaxRatio": 0.1072339839,
    "incomeTaxExpense": 515000,
    "netIncome": 2595000,
    "netIncomeRatio": 0.0894765878,
    "eps": 0.38,
    "epsdiluted": 0.37,
    "weightedAverageShsOut": 6909000,
    "weightedAverageShsOutDil": 7067000,
    "link": "",
    "finalLink": ""
  },
  {
    "date": "2020-12-31",
    "symbol": "SILC",
    "reportedCurrency": "USD",
    "cik": "0000916793",
    "fillingDate": "2021-04-28",
    "acceptedDate": "2021-04-28 09:00:48",
    "calendarYear": "2020",
    "period": "Q4",
    "revenue": 33898000,
    "costOfRevenue": 24289000,
    "grossProfit": 9609000,
    "grossProfitRatio": 0.2834680512,
    "researchAndDevelopmentExpenses": 5396000,
    "generalAndAdministrativeExpenses": 1106000,
    "sellingAndMarketingExpenses": 1608000,
    "sellingGeneralAndAdministrativeExpenses": 2714000,
    "otherExpenses": 0,
    "operatingExpenses": 8110000,
    "costAndExpenses": 32399000,
    "interestIncome": 588000,
    "interestExpense": 0,
    "depreciationAndAmortization": 596000,
    "ebitda": 1499000,
    "ebitdaratio": 0.044220898,
    "operatingIncome": 1499000,
    "operatingIncomeRatio": 0.044220898,
    "totalOtherIncomeExpensesNet": -575000,
    "incomeBeforeTax": 924000,
    "incomeBeforeTaxRatio": 0.0272582453,
    "incomeTaxExpense": 78000,
    "netIncome": 846000,
    "netIncomeRatio": 0.0249572246,
    "eps": 0.12,
    "epsdiluted": 0.12,
    "weightedAverageShsOut": 6955000,
    "weightedAverageShsOutDil": 7013000,
    "link": "https://www.sec.gov/Archives/edgar/data/916793/000117891321001492/0001178913-21-001492-index.htm",
    "finalLink": "https://www.sec.gov/Archives/edgar/data/916793/000117891321001492/silc20f1220.htm"
  },
  {
    "date": "2020-09-30",
    "symbol": "SILC",
    "reportedCurrency": "USD",
    "cik": "0000916793",
    "fillingDate": "2020-09-30",
    "acceptedDate": "2020-09-29 20:00:00",
    "calendarYear": "2020",
    "period": "Q3",
    "revenue": 28385000,
    "costOfRevenue": 19071000,
    "grossProfit": 9314000,
    "grossProfitRatio": 0.3281310551,
    "researchAndDevelopmentExpenses": 4186000,
    "generalAndAdministrativeExpenses": 1067000,
    "sellingAndMarketingExpenses": 1666000,
    "sellingGeneralAndAdministrativeExpenses": 2733000,
    "otherExpenses": 0,
    "operatingExpenses": 6919000,
    "costAndExpenses": 25990000,
    "interestIncome": 369000,
    "interestExpense": 0,
    "depreciationAndAmortization": 499250,
    "ebitda": 2395000,
    "ebitdaratio": 0.0843755505,
    "operatingIncome": 2395000,
    "operatingIncomeRatio": 0.0843755505,
    "totalOtherIncomeExpensesNet": 369000,
    "incomeBeforeTax": 2764000,
    "incomeBeforeTaxRatio": 0.0973753743,
    "incomeTaxExpense": 677000,
    "netIncome": 2087000,
    "netIncomeRatio": 0.073524749,
    "eps": 0.3,
    "epsdiluted": 0.29,
    "weightedAverageShsOut": 7058000,
    "weightedAverageShsOutDil": 7088000,
    "link": "",
    "finalLink": ""
  },
  {
    "date": "2020-06-30",
    "symbol": "SILC",
    "reportedCurrency": "USD",
    "cik": "0000916793",
    "fillingDate": "2020-07-29",
    "acceptedDate": "2020-07-29 08:00:16",
    "calendarYear": "2020",
    "period": "Q2",
    "revenue": 23045000,
    "costOfRevenue": 15321000,
    "grossProfit": 7724000,
    "grossProfitRatio": 0.3351703189,
    "researchAndDevelopmentExpenses": 3862000,
    "generalAndAdministrativeExpenses": 979000,
    "sellingAndMarketingExpenses": 1396000,
    "sellingGeneralAndAdministrativeExpenses": 2375000,
    "otherExpenses": 0,
    "operatingExpenses": 6237000,
    "costAndExpenses": 21558000,
    "interestIncome": 209000,
    "interestExpense": 0,
    "depreciationAndAmortization": 499250,
    "ebitda": 1487000,
    "ebitdaratio": 0.0645259275,
    "operatingIncome": 1487000,
    "operatingIncomeRatio": 0.0645259275,
    "totalOtherIncomeExpensesNet": 209000,
    "incomeBeforeTax": 1696000,
    "incomeBeforeTaxRatio": 0.0735951399,
    "incomeTaxExpense": 392000,
    "netIncome": 1304000,
    "netIncomeRatio": 0.0565849425,
    "eps": 0.18,
    "epsdiluted": 0.18,
    "weightedAverageShsOut": 7153000,
    "weightedAverageShsOutDil": 7168000,
    "link": "https://www.sec.gov/Archives/edgar/data/916793/000117891320002152/0001178913-20-002152-index.htm",
    "finalLink": "https://www.sec.gov/Archives/edgar/data/916793/000117891320002152/zk2024709.htm"
  },
  {
    "date": "2020-03-31",
    "symbol": "SILC",
    "reportedCurrency": "USD",
    "cik": "0000916793",
    "fillingDate": "2020-04-06",
    "acceptedDate": "2020-04-06 08:15:14",
    "calendarYear": "2020",
    "period": "Q1",
    "revenue": 22070000,
    "costOfRevenue": 14951000,
    "grossProfit": 7119000,
    "grossProfitRatio": 0.3225645673,
    "researchAndDevelopmentExpenses": 3800000,
    "generalAndAdministrativeExpenses": 913000,
    "sellingAndMarketingExpenses": 1539000,
    "sellingGeneralAndAdministrativeExpenses": 2452000,
    "otherExpenses": 0,
    "operatingExpenses": 6252000,
    "costAndExpenses": 21203000,
    "interestIncome": 1031000,
    "interestExpense": 0,
    "depreciationAndAmortization": 499250,
    "ebitda": 867000,
    "ebitdaratio": 0.0392840961,
    "operatingIncome": 867000,
    "operatingIncomeRatio": 0.0392840961,
    "totalOtherIncomeExpensesNet": 1031000,
    "incomeBeforeTax": 1898000,
    "incomeBeforeTaxRatio": 0.0859990938,
    "incomeTaxExpense": 410000,
    "netIncome": 1488000,
    "netIncomeRatio": 0.0674218396,
    "eps": 0.2,
    "epsdiluted": 0.2,
    "weightedAverageShsOut": 7309000,
    "weightedAverageShsOutDil": 7336000,
    "link": "https://www.sec.gov/Archives/edgar/data/916793/000117891320001030/0001178913-20-001030-index.html",
    "finalLink": "https://www.sec.gov/Archives/edgar/data/916793/000117891320001030/zk2024239.htm"
  },
  {
    "date": "2019-12-31",
    "symbol": "SILC",
    "reportedCurrency": "USD",
    "cik": "0000916793",
    "fillingDate": "2019-10-31",
    "acceptedDate": "2019-10-31 08:10:47",
    "calendarYear": "2019",
    "period": "Q4",
    "revenue": 25507000,
    "costOfRevenue": 16651000,
    "grossProfit": 8856000,
    "grossProfitRatio": 0.3471988082,
    "researchAndDevelopmentExpenses": 3723000,
    "generalAndAdministrativeExpenses": 1087000,
    "sellingAndMarketingExpenses": 1751000,
    "sellingGeneralAndAdministrativeExpenses": 2838000,
    "otherExpenses": 0,
    "operatingExpenses": 6561000,
    "costAndExpenses": 23212000,
    "interestIncome": 560000,
    "interestExpense": 0,
    "depreciationAndAmortization": 499250,
    "ebitda": 2295000,
    "ebitdaratio": 0.0899753009,
    "operatingIncome": 2295000,
    "operatingIncomeRatio": 0.0899753009,
    "totalOtherIncomeExpensesNet": 560000,
    "incomeBeforeTax": 2855000,
    "incomeBeforeTaxRatio": 0.1119300584,
    "incomeTaxExpense": 432000,
    "netIncome": 2423000,
    "netIncomeRatio": 0.0949935312,
    "eps": 0.33,
    "epsdiluted": 0.33,
    "weightedAverageShsOut": 7400000,
    "weightedAverageShsOutDil": 7452000,
    "link": "https://www.sec.gov/Archives/edgar/data/916793/000117891319002550/0001178913-19-002550-index.htm",
    "finalLink": "https://www.sec.gov/Archives/edgar/data/916793/000117891319002550/exhibit_99-1.htm"
  },
  {
    "date": "2019-09-30",
    "symbol": "SILC",
    "reportedCurrency": "USD",
    "cik": "0000916793",
    "fillingDate": "2019-10-31",
    "acceptedDate": "2019-10-31 08:10:47",
    "calendarYear": "2019",
    "period": "Q3",
    "revenue": 24104000,
    "costOfRevenue": 15720000,
    "grossProfit": 8384000,
    "grossProfitRatio": 0.347826087,
    "researchAndDevelopmentExpenses": 3873000,
    "generalAndAdministrativeExpenses": 995000,
    "sellingAndMarketingExpenses": 1575000,
    "sellingGeneralAndAdministrativeExpenses": 2570000,
    "otherExpenses": 0,
    "operatingExpenses": 6443000,
    "costAndExpenses": 22163000,
    "interestIncome": 361000,
    "interestExpense": 0,
    "depreciationAndAmortization": 814000,
    "ebitda": 1941000,
    "ebitdaratio": 0.0805260538,
    "operatingIncome": 1941000,
    "operatingIncomeRatio": 0.0805260538,
    "totalOtherIncomeExpensesNet": 361000,
    "incomeBeforeTax": 2302000,
    "incomeBeforeTaxRatio": 0.0955028211,
    "incomeTaxExpense": 407000,
    "netIncome": 1895000,
    "netIncomeRatio": 0.0786176568,
    "eps": 0.25,
    "epsdiluted": 0.25,
    "weightedAverageShsOut": 7506000,
    "weightedAverageShsOutDil": 7551000,
    "link": "https://www.sec.gov/Archives/edgar/data/916793/000117891319002550/0001178913-19-002550-index.htm",
    "finalLink": "https://www.sec.gov/Archives/edgar/data/916793/000117891319002550/exhibit_99-1.htm"
  },
  {
    "date": "2019-06-30",
    "symbol": "SILC",
    "reportedCurrency": "USD",
    "cik": "0000916793",
    "fillingDate": "2019-08-28",
    "acceptedDate": "2019-08-28 10:16:08",
    "calendarYear": "2019",
    "period": "Q2",
    "revenue": 25402000,
    "costOfRevenue": 16728000,
    "grossProfit": 8674000,
    "grossProfitRatio": 0.3414691757,
    "researchAndDevelopmentExpenses": 3659000,
    "generalAndAdministrativeExpenses": 1054000,
    "sellingAndMarketingExpenses": 1692000,
    "sellingGeneralAndAdministrativeExpenses": 2746000,
    "otherExpenses": 0,
    "operatingExpenses": 6405000,
    "costAndExpenses": 23133000,
    "interestIncome": 430000,
    "interestExpense": 0,
    "depreciationAndAmortization": 167500,
    "ebitda": 2269000,
    "ebitdaratio": 0.0893236753,
    "operatingIncome": 2269000,
    "operatingIncomeRatio": 0.0893236753,
    "totalOtherIncomeExpensesNet": 430000,
    "incomeBeforeTax": 2699000,
    "incomeBeforeTaxRatio": 0.1062514763,
    "incomeTaxExpense": 421000,
    "netIncome": 2278000,
    "netIncomeRatio": 0.0896779781,
    "eps": 0.3,
    "epsdiluted": 0.3,
    "weightedAverageShsOut": 7587000,
    "weightedAverageShsOutDil": 7635000,
    "link": "https://www.sec.gov/Archives/edgar/data/916793/000117891319002278/0001178913-19-002278-index.htm",
    "finalLink": "https://www.sec.gov/Archives/edgar/data/916793/000117891319002278/exhibit_99-1.htm"
  },
  {
    "date": "2019-03-31",
    "symbol": "SILC",
    "reportedCurrency": "USD",
    "cik": "0000916793",
    "fillingDate": "2019-08-28",
    "acceptedDate": "2019-08-28 10:16:08",
    "calendarYear": "2019",
    "period": "Q1",
    "revenue": 30227000,
    "costOfRevenue": 20047000,
    "grossProfit": 10180000,
    "grossProfitRatio": 0.3367849935,
    "researchAndDevelopmentExpenses": 3820000,
    "generalAndAdministrativeExpenses": 1023000,
    "sellingAndMarketingExpenses": 1629000,
    "sellingGeneralAndAdministrativeExpenses": 2652000,
    "otherExpenses": 0,
    "operatingExpenses": 6472000,
    "costAndExpenses": 26519000,
    "interestIncome": 295000,
    "interestExpense": 0,
    "depreciationAndAmortization": 814000,
    "ebitda": 3708000,
    "ebitdaratio": 0.1226717835,
    "operatingIncome": 3708000,
    "operatingIncomeRatio": 0.1226717835,
    "totalOtherIncomeExpensesNet": 295000,
    "incomeBeforeTax": 4003000,
    "incomeBeforeTaxRatio": 0.1324312701,
    "incomeTaxExpense": 363000,
    "netIncome": 3640000,
    "netIncomeRatio": 0.1204221391,
    "eps": 0.48,
    "epsdiluted": 0.48,
    "weightedAverageShsOut": 7586000,
    "weightedAverageShsOutDil": 7654000,
    "link": "https://www.sec.gov/Archives/edgar/data/916793/000117891319002278/0001178913-19-002278-index.htm",
    "finalLink": "https://www.sec.gov/Archives/edgar/data/916793/000117891319002278/exhibit_99-1.htm"
  },
  {
    "date": "2018-12-31",
    "symbol": "SILC",
    "reportedCurrency": "USD",
    "cik": "0000916793",
    "fillingDate": "2019-04-25",
    "acceptedDate": "2019-04-25 08:07:53",
    "calendarYear": "2018",
    "period": "Q4",
    "revenue": 45524000,
    "costOfRevenue": 27428000,
    "grossProfit": 18096000,
    "grossProfitRatio": 0.397504613,
    "researchAndDevelopmentExpenses": 4076000,
    "generalAndAdministrativeExpenses": 1012000,
    "sellingAndMarketingExpenses": 1911000,
    "sellingGeneralAndAdministrativeExpenses": 2923000,
    "otherExpenses": 0,
    "operatingExpenses": 6999000,
    "costAndExpenses": 34427000,
    "interestIncome": 204000,
    "interestExpense": 0,
    "depreciationAndAmortization": 1843000,
    "ebitda": 11097000,
    "ebitdaratio": 0.2437615324,
    "operatingIncome": 11097000,
    "operatingIncomeRatio": 0.2437615324,
    "totalOtherIncomeExpensesNet": 204000,
    "incomeBeforeTax": 11301000,
    "incomeBeforeTaxRatio": 0.2482426852,
    "incomeTaxExpense": 1427000,
    "netIncome": 9874000,
    "netIncomeRatio": 0.216896582,
    "eps": 1.31,
    "epsdiluted": 1.29,
    "weightedAverageShsOut": 7556000,
    "weightedAverageShsOutDil": 7652000,
    "link": "https://www.sec.gov/Archives/edgar/data/916793/000117891319001208/0001178913-19-001208-index.htm",
    "finalLink": "https://www.sec.gov/Archives/edgar/data/916793/000117891319001208/zk1922923.htm"
  },
  {
    "date": "2018-09-30",
    "symbol": "SILC",
    "reportedCurrency": "USD",
    "cik": "0000916793",
    "fillingDate": "2018-08-09",
    "acceptedDate": "2018-08-09 08:34:35",
    "calendarYear": "2018",
    "period": "Q3",
    "revenue": 31104000,
    "costOfRevenue": 20583000,
    "grossProfit": 10521000,
    "grossProfitRatio": 0.3382523148,
    "researchAndDevelopmentExpenses": 3666000,
    "generalAndAdministrativeExpenses": 956000,
    "sellingAndMarketingExpenses": 1599000,
    "sellingGeneralAndAdministrativeExpenses": 2555000,
    "otherExpenses": 0,
    "operatingExpenses": 6221000,
    "costAndExpenses": 26804000,
    "interestIncome": 235000,
    "interestExpense": 0,
    "depreciationAndAmortization": 949750,
    "ebitda": 4300000,
    "ebitdaratio": 0.1382458848,
    "operatingIncome": 4300000,
    "operatingIncomeRatio": 0.1382458848,
    "totalOtherIncomeExpensesNet": 235000,
    "incomeBeforeTax": 4535000,
    "incomeBeforeTaxRatio": 0.1458011831,
    "incomeTaxExpense": 769000,
    "netIncome": 3766000,
    "netIncomeRatio": 0.1210776749,
    "eps": 0.5,
    "epsdiluted": 0.49,
    "weightedAverageShsOut": 7553000,
    "weightedAverageShsOutDil": 7641000,
    "link": "https://www.sec.gov/Archives/edgar/data/916793/000117891318002348/0001178913-18-002348-index.htm",
    "finalLink": "https://www.sec.gov/Archives/edgar/data/916793/000117891318002348/exhibit_99-1.htm"
  },
  {
    "date": "2018-06-30",
    "symbol": "SILC",
    "reportedCurrency": "USD",
    "cik": "0000916793",
    "fillingDate": "2018-08-09",
    "acceptedDate": "2018-08-09 08:34:35",
    "calendarYear": "2018",
    "period": "Q2",
    "revenue": 27603000,
    "costOfRevenue": 18714000,
    "grossProfit": 8889000,
    "grossProfitRatio": 0.3220302141,
    "researchAndDevelopmentExpenses": 3647000,
    "generalAndAdministrativeExpenses": 1068000,
    "sellingAndMarketingExpenses": 1596000,
    "sellingGeneralAndAdministrativeExpenses": 2664000,
    "otherExpenses": 0,
    "operatingExpenses": 6311000,
    "costAndExpenses": 25025000,
    "interestIncome": 200000,
    "interestExpense": 0,
    "depreciationAndAmortization": 1450000,
    "ebitda": 2578000,
    "ebitdaratio": 0.0933956454,
    "operatingIncome": 2578000,
    "operatingIncomeRatio": 0.0933956454,
    "totalOtherIncomeExpensesNet": 200000,
    "incomeBeforeTax": 2778000,
    "incomeBeforeTaxRatio": 0.1006412346,
    "incomeTaxExpense": 342000,
    "netIncome": 2436000,
    "netIncomeRatio": 0.088251277,
    "eps": 0.32,
    "epsdiluted": 0.32,
    "weightedAverageShsOut": 7550000,
    "weightedAverageShsOutDil": 7629000,
    "link": "https://www.sec.gov/Archives/edgar/data/916793/000117891318002348/0001178913-18-002348-index.htm",
    "finalLink": "https://www.sec.gov/Archives/edgar/data/916793/000117891318002348/exhibit_99-1.htm"
  },
  {
    "date": "2018-03-31",
    "symbol": "SILC",
    "reportedCurrency": "USD",
    "cik": "0000916793",
    "fillingDate": "2018-03-15",
    "acceptedDate": "2018-03-15 08:48:41",
    "calendarYear": "2018",
    "period": "Q1",
    "revenue": 29522000,
    "costOfRevenue": 24972000,
    "grossProfit": 4550000,
    "grossProfitRatio": 0.1541223494,
    "researchAndDevelopmentExpenses": 3431000,
    "generalAndAdministrativeExpenses": 907000,
    "sellingAndMarketingExpenses": 1536000,
    "sellingGeneralAndAdministrativeExpenses": 2443000,
    "otherExpenses": 0,
    "operatingExpenses": 5874000,
    "costAndExpenses": 30846000,
    "interestIncome": 284000,
    "interestExpense": 0,
    "depreciationAndAmortization": 949750,
    "ebitda": -1324000,
    "ebitdaratio": -0.04484791,
    "operatingIncome": -1324000,
    "operatingIncomeRatio": -0.04484791,
    "totalOtherIncomeExpensesNet": 284000,
    "incomeBeforeTax": -1040000,
    "incomeBeforeTaxRatio": -0.0352279656,
    "incomeTaxExpense": 399000,
    "netIncome": -1439000,
    "netIncomeRatio": -0.0487433101,
    "eps": -0.19,
    "epsdiluted": -0.19,
    "weightedAverageShsOut": 7550000,
    "weightedAverageShsOutDil": 7703000,
    "link": "https://www.sec.gov/Archives/edgar/data/916793/000117891318000834/0001178913-18-000834-index.htm",
    "finalLink": "https://www.sec.gov/Archives/edgar/data/916793/000117891318000834/exhibit_99-1.htm"
  },
  {
    "date": "2017-12-31",
    "symbol": "SILC",
    "reportedCurrency": "USD",
    "cik": "0000916793",
    "fillingDate": "2018-04-30",
    "acceptedDate": "2018-04-30 06:42:20",
    "calendarYear": "2017",
    "period": "Q4",
    "revenue": 37781000,
    "costOfRevenue": 24258000,
    "grossProfit": 13523000,
    "grossProfitRatio": 0.3579312353,
    "researchAndDevelopmentExpenses": 3522000,
    "generalAndAdministrativeExpenses": -3567000,
    "sellingAndMarketingExpenses": 1922000,
    "sellingGeneralAndAdministrativeExpenses": -1645000,
    "otherExpenses": 0,
    "operatingExpenses": 1877000,
    "costAndExpenses": 26135000,
    "interestIncome": 32000,
    "interestExpense": 0,
    "depreciationAndAmortization": 1910000,
    "ebitda": 11646000,
    "ebitdaratio": 0.3082501787,
    "operatingIncome": 11646000,
    "operatingIncomeRatio": 0.3082501787,
    "totalOtherIncomeExpensesNet": 32000,
    "incomeBeforeTax": 11678000,
    "incomeBeforeTaxRatio": 0.3090971652,
    "incomeTaxExpense": 1367000,
    "netIncome": 10311000,
    "netIncomeRatio": 0.2729149573,
    "eps": 1.37,
    "epsdiluted": 1.34,
    "weightedAverageShsOut": 7535000,
    "weightedAverageShsOutDil": 7710000,
    "link": "https://www.sec.gov/Archives/edgar/data/916793/000117891318001314/0001178913-18-001314-index.htm",
    "finalLink": "https://www.sec.gov/Archives/edgar/data/916793/000117891318001314/zk1821517.htm"
  },
  {
    "date": "2017-09-30",
    "symbol": "SILC",
    "reportedCurrency": "USD",
    "cik": "0000916793",
    "fillingDate": "2017-08-21",
    "acceptedDate": "2017-08-21 07:51:57",
    "calendarYear": "2017",
    "period": "Q3",
    "revenue": 32301000,
    "costOfRevenue": 20605000,
    "grossProfit": 11696000,
    "grossProfitRatio": 0.3620940528,
    "researchAndDevelopmentExpenses": 3551000,
    "generalAndAdministrativeExpenses": 1134000,
    "sellingAndMarketingExpenses": 1565000,
    "sellingGeneralAndAdministrativeExpenses": 2699000,
    "otherExpenses": 0,
    "operatingExpenses": 6250000,
    "costAndExpenses": 26855000,
    "interestIncome": 81000,
    "interestExpense": 0,
    "depreciationAndAmortization": 964000,
    "ebitda": 5446000,
    "ebitdaratio": 0.1686015913,
    "operatingIncome": 5446000,
    "operatingIncomeRatio": 0.1686015913,
    "totalOtherIncomeExpensesNet": 81000,
    "incomeBeforeTax": 5527000,
    "incomeBeforeTaxRatio": 0.1711092536,
    "incomeTaxExpense": 914000,
    "netIncome": 4613000,
    "netIncomeRatio": 0.142812916,
    "eps": 0.62,
    "epsdiluted": 0.6,
    "weightedAverageShsOut": 7483000,
    "weightedAverageShsOutDil": 7628000,
    "link": "https://www.sec.gov/Archives/edgar/data/916793/000117891317002490/0001178913-17-002490-index.htm",
    "finalLink": "https://www.sec.gov/Archives/edgar/data/916793/000117891317002490/exhibit_99-1.htm"
  },
  {
    "date": "2017-06-30",
    "symbol": "SILC",
    "reportedCurrency": "USD",
    "cik": "0000916793",
    "fillingDate": "2017-08-21",
    "acceptedDate": "2017-08-21 07:51:57",
    "calendarYear": "2017",
    "period": "Q2",
    "revenue": 30266000,
    "costOfRevenue": 19142000,
    "grossProfit": 11124000,
    "grossProfitRatio": 0.3675411353,
    "researchAndDevelopmentExpenses": 3328000,
    "generalAndAdministrativeExpenses": 1049000,
    "sellingAndMarketingExpenses": 1593000,
    "sellingGeneralAndAdministrativeExpenses": 2642000,
    "otherExpenses": 0,
    "operatingExpenses": 5970000,
    "costAndExpenses": 25112000,
    "interestIncome": 13000,
    "interestExpense": 0,
    "depreciationAndAmortization": 1890000,
    "ebitda": 5214000,
    "ebitdaratio": 0.172272517,
    "operatingIncome": 5094000,
    "operatingIncomeRatio": 0.168307672,
    "totalOtherIncomeExpensesNet": -60000,
    "incomeBeforeTax": 5107000,
    "incomeBeforeTaxRatio": 0.1687371969,
    "incomeTaxExpense": 914000,
    "netIncome": 4193000,
    "netIncomeRatio": 0.1385382938,
    "eps": 0.56,
    "epsdiluted": 0.55,
    "weightedAverageShsOut": 7420000,
    "weightedAverageShsOutDil": 7573000,
    "link": "https://www.sec.gov/Archives/edgar/data/916793/000117891317002490/0001178913-17-002490-index.htm",
    "finalLink": "https://www.sec.gov/Archives/edgar/data/916793/000117891317002490/exhibit_99-1.htm"
  },
  {
    "date": "2017-03-31",
    "symbol": "SILC",
    "reportedCurrency": "USD",
    "cik": "0000916793",
    "fillingDate": "2017-03-15",
    "acceptedDate": "2017-03-15 10:30:36",
    "calendarYear": "2017",
    "period": "Q1",
    "revenue": 25342000,
    "costOfRevenue": 15757000,
    "grossProfit": 9585000,
    "grossProfitRatio": 0.3782258701,
    "researchAndDevelopmentExpenses": 3514000,
    "generalAndAdministrativeExpenses": 1189000,
    "sellingAndMarketingExpenses": 1642000,
    "sellingGeneralAndAdministrativeExpenses": 2831000,
    "otherExpenses": 0,
    "operatingExpenses": 6345000,
    "costAndExpenses": 22102000,
    "interestIncome": 30000,
    "interestExpense": 0,
    "depreciationAndAmortization": 964000,
    "ebitda": 3240000,
    "ebitdaratio": 0.1278509983,
    "operatingIncome": 3240000,
    "operatingIncomeRatio": 0.1278509983,
    "totalOtherIncomeExpensesNet": 30000,
    "incomeBeforeTax": 3270000,
    "incomeBeforeTaxRatio": 0.1290348039,
    "incomeTaxExpense": 673000,
    "netIncome": 2597000,
    "netIncomeRatio": 0.1024780996,
    "eps": 0.35,
    "epsdiluted": 0.35,
    "weightedAverageShsOut": 7382000,
    "weightedAverageShsOutDil": 7499000,
    "link": "https://www.sec.gov/Archives/edgar/data/916793/000117891317000773/0001178913-17-000773-index.htm",
    "finalLink": "https://www.sec.gov/Archives/edgar/data/916793/000117891317000773/exhibit_99-1.htm"
  },
  {
    "date": "2016-12-31",
    "symbol": "SILC",
    "reportedCurrency": "USD",
    "cik": "0000916793",
    "fillingDate": "2017-04-28",
    "acceptedDate": "2017-04-28 06:04:16",
    "calendarYear": "2016",
    "period": "Q4",
    "revenue": 28328000,
    "costOfRevenue": 17102000,
    "grossProfit": 11226000,
    "grossProfitRatio": 0.3962863598,
    "researchAndDevelopmentExpenses": 3629000,
    "generalAndAdministrativeExpenses": 550000,
    "sellingAndMarketingExpenses": 1626000,
    "sellingGeneralAndAdministrativeExpenses": 2176000,
    "otherExpenses": 0,
    "operatingExpenses": 5805000,
    "costAndExpenses": 22907000,
    "interestIncome": 70000,
    "interestExpense": 0,
    "depreciationAndAmortization": 2260000,
    "ebitda": 5421000,
    "ebitdaratio": 0.1913654335,
    "operatingIncome": 5421000,
    "operatingIncomeRatio": 0.1913654335,
    "totalOtherIncomeExpensesNet": 70000,
    "incomeBeforeTax": 5491000,
    "incomeBeforeTaxRatio": 0.1938364869,
    "incomeTaxExpense": 991000,
    "netIncome": 4500000,
    "netIncomeRatio": 0.1588534312,
    "eps": 0.61,
    "epsdiluted": 0.6,
    "weightedAverageShsOut": 7380000,
    "weightedAverageShsOutDil": 7483000,
    "link": "https://www.sec.gov/Archives/edgar/data/916793/000117891317001241/0001178913-17-001241-index.htm",
    "finalLink": "https://www.sec.gov/Archives/edgar/data/916793/000117891317001241/zk1719850.htm"
  },
  {
    "date": "2016-09-30",
    "symbol": "SILC",
    "reportedCurrency": "USD",
    "cik": "0000916793",
    "fillingDate": "2016-08-08",
    "acceptedDate": "2016-08-08 06:05:25",
    "calendarYear": "2016",
    "period": "Q3",
    "revenue": 24661000,
    "costOfRevenue": 15119000,
    "grossProfit": 9542000,
    "grossProfitRatio": 0.3869267264,
    "researchAndDevelopmentExpenses": 3137000,
    "generalAndAdministrativeExpenses": 1069000,
    "sellingAndMarketingExpenses": 1622000,
    "sellingGeneralAndAdministrativeExpenses": 2691000,
    "otherExpenses": 0,
    "operatingExpenses": 5828000,
    "costAndExpenses": 20947000,
    "interestIncome": -60000,
    "interestExpense": 0,
    "depreciationAndAmortization": 691750,
    "ebitda": 3714000,
    "ebitdaratio": 0.1506021654,
    "operatingIncome": 3714000,
    "operatingIncomeRatio": 0.1506021654,
    "totalOtherIncomeExpensesNet": -60000,
    "incomeBeforeTax": 3654000,
    "incomeBeforeTaxRatio": 0.148169174,
    "incomeTaxExpense": 458000,
    "netIncome": 3196000,
    "netIncomeRatio": 0.1295973399,
    "eps": 0.43,
    "epsdiluted": 0.43,
    "weightedAverageShsOut": 7362000,
    "weightedAverageShsOutDil": 7455000,
    "link": "https://www.sec.gov/Archives/edgar/data/916793/000117891316006080/0001178913-16-006080-index.htm",
    "finalLink": "https://www.sec.gov/Archives/edgar/data/916793/000117891316006080/exhibit_99-1.htm"
  },
  {
    "date": "2016-06-30",
    "symbol": "SILC",
    "reportedCurrency": "USD",
    "cik": "0000916793",
    "fillingDate": "2016-08-08",
    "acceptedDate": "2016-08-08 06:05:25",
    "calendarYear": "2016",
    "period": "Q2",
    "revenue": 26001000,
    "costOfRevenue": 16150000,
    "grossProfit": 9851000,
    "grossProfitRatio": 0.3788700435,
    "researchAndDevelopmentExpenses": 2869000,
    "generalAndAdministrativeExpenses": 986000,
    "sellingAndMarketingExpenses": 1648000,
    "sellingGeneralAndAdministrativeExpenses": 2634000,
    "otherExpenses": 0,
    "operatingExpenses": 5503000,
    "costAndExpenses": 21653000,
    "interestIncome": 90000,
    "interestExpense": 0,
    "depreciationAndAmortization": 1600000,
    "ebitda": 4410000,
    "ebitdaratio": 0.1696088612,
    "operatingIncome": 4286000,
    "operatingIncomeRatio": 0.1648398139,
    "totalOtherIncomeExpensesNet": -62000,
    "incomeBeforeTax": 4376000,
    "incomeBeforeTaxRatio": 0.1683012192,
    "incomeTaxExpense": 843000,
    "netIncome": 3533000,
    "netIncomeRatio": 0.1358793893,
    "eps": 0.48,
    "epsdiluted": 0.48,
    "weightedAverageShsOut": 7335000,
    "weightedAverageShsOutDil": 7414000,
    "link": "https://www.sec.gov/Archives/edgar/data/916793/000117891316006080/0001178913-16-006080-index.htm",
    "finalLink": "https://www.sec.gov/Archives/edgar/data/916793/000117891316006080/exhibit_99-1.htm"
  },
  {
    "date": "2016-03-31",
    "symbol": "SILC",
    "reportedCurrency": "USD",
    "cik": "0000916793",
    "fillingDate": "2016-03-23",
    "acceptedDate": "2016-03-23 08:58:17",
    "calendarYear": "2016",
    "period": "Q1",
    "revenue": 21357000,
    "costOfRevenue": 13425000,
    "grossProfit": 7932000,
    "grossProfitRatio": 0.3714004776,
    "researchAndDevelopmentExpenses": 3028000,
    "generalAndAdministrativeExpenses": 968000,
    "sellingAndMarketingExpenses": 1527000,
    "sellingGeneralAndAdministrativeExpenses": 2495000,
    "otherExpenses": 0,
    "operatingExpenses": 5523000,
    "costAndExpenses": 18948000,
    "interestIncome": -65000,
    "interestExpense": 0,
    "depreciationAndAmortization": 691750,
    "ebitda": 2409000,
    "ebitdaratio": 0.1127967411,
    "operatingIncome": 2409000,
    "operatingIncomeRatio": 0.1127967411,
    "totalOtherIncomeExpensesNet": -65000,
    "incomeBeforeTax": 2344000,
    "incomeBeforeTaxRatio": 0.1097532425,
    "incomeTaxExpense": 436000,
    "netIncome": 1908000,
    "netIncomeRatio": 0.0893383902,
    "eps": 0.26,
    "epsdiluted": 0.26,
    "weightedAverageShsOut": 7297000,
    "weightedAverageShsOutDil": 7396000,
    "link": "https://www.sec.gov/Archives/edgar/data/916793/000117891316004804/0001178913-16-004804-index.htm",
    "finalLink": "https://www.sec.gov/Archives/edgar/data/916793/000117891316004804/exhibit_99-1.htm"
  },
  {
    "date": "2015-12-31",
    "symbol": "SILC",
    "reportedCurrency": "USD",
    "cik": "0000916793",
    "fillingDate": "2016-04-26",
    "acceptedDate": "2016-04-26 12:07:21",
    "calendarYear": "2015",
    "period": "Q4",
    "revenue": 27441000,
    "costOfRevenue": 16394000,
    "grossProfit": 11047000,
    "grossProfitRatio": 0.4025727925,
    "researchAndDevelopmentExpenses": 2940000,
    "generalAndAdministrativeExpenses": 1528000,
    "sellingAndMarketingExpenses": 1623000,
    "sellingGeneralAndAdministrativeExpenses": 3151000,
    "otherExpenses": 0,
    "operatingExpenses": 6091000,
    "costAndExpenses": 22485000,
    "interestIncome": 68000,
    "interestExpense": 0,
    "depreciationAndAmortization": 1750000,
    "ebitda": 4956000,
    "ebitdaratio": 0.1806056631,
    "operatingIncome": 4956000,
    "operatingIncomeRatio": 0.1806056631,
    "totalOtherIncomeExpensesNet": 68000,
    "incomeBeforeTax": 5024000,
    "incomeBeforeTaxRatio": 0.1830837069,
    "incomeTaxExpense": 603000,
    "netIncome": 4420000,
    "netIncomeRatio": 0.1610728472,
    "eps": 0.61,
    "epsdiluted": 0.6,
    "weightedAverageShsOut": 7278000,
    "weightedAverageShsOutDil": 7374000,
    "link": "https://www.sec.gov/Archives/edgar/data/916793/000117891316005174/0001178913-16-005174-index.htm",
    "finalLink": "https://www.sec.gov/Archives/edgar/data/916793/000117891316005174/zk1618397.htm"
  },
  {
    "date": "2015-09-30",
    "symbol": "SILC",
    "reportedCurrency": "USD",
    "cik": "0000916793",
    "fillingDate": "2015-07-22",
    "acceptedDate": "2015-07-22 08:01:41",
    "calendarYear": "2015",
    "period": "Q3",
    "revenue": 19413000,
    "costOfRevenue": 11298000,
    "grossProfit": 8115000,
    "grossProfitRatio": 0.4180188533,
    "researchAndDevelopmentExpenses": 2181000,
    "generalAndAdministrativeExpenses": -2916000,
    "sellingAndMarketingExpenses": 1338000,
    "sellingGeneralAndAdministrativeExpenses": -1578000,
    "otherExpenses": 0,
    "operatingExpenses": 603000,
    "costAndExpenses": 11901000,
    "interestIncome": 39000,
    "interestExpense": 0,
    "depreciationAndAmortization": 242000,
    "ebitda": 7512000,
    "ebitdaratio": 0.3869571936,
    "operatingIncome": 7512000,
    "operatingIncomeRatio": 0.3869571936,
    "totalOtherIncomeExpensesNet": 39000,
    "incomeBeforeTax": 7551000,
    "incomeBeforeTaxRatio": 0.3889661567,
    "incomeTaxExpense": 492000,
    "netIncome": 7059000,
    "netIncomeRatio": 0.3636223149,
    "eps": 0.97,
    "epsdiluted": 0.96,
    "weightedAverageShsOut": 7275000,
    "weightedAverageShsOutDil": 7352000,
    "link": "https://www.sec.gov/Archives/edgar/data/916793/000117891315002339/0001178913-15-002339-index.htm",
    "finalLink": "https://www.sec.gov/Archives/edgar/data/916793/000117891315002339/exhibit_99-1.htm"
  },
  {
    "date": "2015-06-30",
    "symbol": "SILC",
    "reportedCurrency": "USD",
    "cik": "0000916793",
    "fillingDate": "2015-07-22",
    "acceptedDate": "2015-07-22 08:01:41",
    "calendarYear": "2015",
    "period": "Q2",
    "revenue": 17121000,
    "costOfRevenue": 10075000,
    "grossProfit": 7046000,
    "grossProfitRatio": 0.4115413819,
    "researchAndDevelopmentExpenses": 2283000,
    "generalAndAdministrativeExpenses": 956000,
    "sellingAndMarketingExpenses": 1396000,
    "sellingGeneralAndAdministrativeExpenses": 2352000,
    "otherExpenses": 0,
    "operatingExpenses": 4635000,
    "costAndExpenses": 14710000,
    "interestIncome": 4000,
    "interestExpense": 0,
    "depreciationAndAmortization": 1020000,
    "ebitda": 2411000,
    "ebitdaratio": 0.1408212137,
    "operatingIncome": 2411000,
    "operatingIncomeRatio": 0.1408212137,
    "totalOtherIncomeExpensesNet": 4000,
    "incomeBeforeTax": 2415000,
    "incomeBeforeTaxRatio": 0.1410548449,
    "incomeTaxExpense": 360000,
    "netIncome": 2055000,
    "netIncomeRatio": 0.1200280357,
    "eps": 0.28,
    "epsdiluted": 0.28,
    "weightedAverageShsOut": 7274000,
    "weightedAverageShsOutDil": 7378000,
    "link": "https://www.sec.gov/Archives/edgar/data/916793/000117891315002339/0001178913-15-002339-index.htm",
    "finalLink": "https://www.sec.gov/Archives/edgar/data/916793/000117891315002339/exhibit_99-1.htm"
  },
  {
    "date": "2015-03-31",
    "symbol": "SILC",
    "reportedCurrency": "USD",
    "cik": "0000916793",
    "fillingDate": "2015-04-01",
    "acceptedDate": "2015-04-01 08:01:00",
    "calendarYear": "2015",
    "period": "Q1",
    "revenue": 18763000,
    "costOfRevenue": 10892000,
    "grossProfit": 7871000,
    "grossProfitRatio": 0.4194958162,
    "researchAndDevelopmentExpenses": 2298000,
    "generalAndAdministrativeExpenses": 953000,
    "sellingAndMarketingExpenses": 1293000,
    "sellingGeneralAndAdministrativeExpenses": 2246000,
    "otherExpenses": 0,
    "operatingExpenses": 4544000,
    "costAndExpenses": 15436000,
    "interestIncome": 109000,
    "interestExpense": 0,
    "depreciationAndAmortization": 242000,
    "ebitda": 3327000,
    "ebitdaratio": 0.1773170602,
    "operatingIncome": 3327000,
    "operatingIncomeRatio": 0.1773170602,
    "totalOtherIncomeExpensesNet": 109000,
    "incomeBeforeTax": 3436000,
    "incomeBeforeTaxRatio": 0.1831263657,
    "incomeTaxExpense": 450000,
    "netIncome": 2986000,
    "netIncomeRatio": 0.1591429942,
    "eps": 0.41,
    "epsdiluted": 0.41,
    "weightedAverageShsOut": 7246000,
    "weightedAverageShsOutDil": 7366000,
    "link": "https://www.sec.gov/Archives/edgar/data/916793/000117891315001132/0001178913-15-001132-index.html",
    "finalLink": "https://www.sec.gov/Archives/edgar/data/916793/000117891315001132/zk1516545.htm"
  },
  {
    "date": "2014-12-31",
    "symbol": "SILC",
    "reportedCurrency": "USD",
    "cik": "0000916793",
    "fillingDate": "2015-03-24",
    "acceptedDate": "2015-03-24 13:46:55",
    "calendarYear": "2014",
    "period": "Q4",
    "revenue": 22834000,
    "costOfRevenue": 13407000,
    "grossProfit": 9427000,
    "grossProfitRatio": 0.4128492599,
    "researchAndDevelopmentExpenses": 1768000,
    "generalAndAdministrativeExpenses": 885000,
    "sellingAndMarketingExpenses": 1322000,
    "sellingGeneralAndAdministrativeExpenses": 2207000,
    "otherExpenses": 0,
    "operatingExpenses": 3975000,
    "costAndExpenses": 17382000,
    "interestIncome": 93000,
    "interestExpense": 0,
    "depreciationAndAmortization": 570000,
    "ebitda": 5452000,
    "ebitdaratio": 0.2387667513,
    "operatingIncome": 5452000,
    "operatingIncomeRatio": 0.2387667513,
    "totalOtherIncomeExpensesNet": 93000,
    "incomeBeforeTax": 5545000,
    "incomeBeforeTaxRatio": 0.2428396251,
    "incomeTaxExpense": 823000,
    "netIncome": 4722000,
    "netIncomeRatio": 0.2067968818,
    "eps": 0.66,
    "epsdiluted": 0.65,
    "weightedAverageShsOut": 7195000,
    "weightedAverageShsOutDil": 7307000,
    "link": "https://www.sec.gov/Archives/edgar/data/916793/000117891315000998/0001178913-15-000998-index.htm",
    "finalLink": "https://www.sec.gov/Archives/edgar/data/916793/000117891315000998/zk1516460.htm"
  },
  {
    "date": "2014-09-30",
    "symbol": "SILC",
    "reportedCurrency": "USD",
    "cik": "0000916793",
    "fillingDate": "2014-08-15",
    "acceptedDate": "2014-08-15 11:58:17",
    "calendarYear": "2014",
    "period": "Q3",
    "revenue": 15866000,
    "costOfRevenue": 9432000,
    "grossProfit": 6434000,
    "grossProfitRatio": 0.4055212404,
    "researchAndDevelopmentExpenses": 1668000,
    "generalAndAdministrativeExpenses": 673000,
    "sellingAndMarketingExpenses": 1034000,
    "sellingGeneralAndAdministrativeExpenses": 1707000,
    "otherExpenses": 0,
    "operatingExpenses": 3375000,
    "costAndExpenses": 12807000,
    "interestIncome": 7000,
    "interestExpense": 0,
    "depreciationAndAmortization": 164750,
    "ebitda": 3059000,
    "ebitdaratio": 0.1928022186,
    "operatingIncome": 3059000,
    "operatingIncomeRatio": 0.1928022186,
    "totalOtherIncomeExpensesNet": 7000,
    "incomeBeforeTax": 3066000,
    "incomeBeforeTaxRatio": 0.1932434136,
    "incomeTaxExpense": 558000,
    "netIncome": 2508000,
    "netIncomeRatio": 0.1580738686,
    "eps": 0.35,
    "epsdiluted": 0.34,
    "weightedAverageShsOut": 7183000,
    "weightedAverageShsOutDil": 7290000,
    "link": "https://www.sec.gov/Archives/edgar/data/916793/000117891314002691/0001178913-14-002691-index.htm",
    "finalLink": "https://www.sec.gov/Archives/edgar/data/916793/000117891314002691/exhibit_99-1.htm"
  },
  {
    "date": "2014-06-30",
    "symbol": "SILC",
    "reportedCurrency": "USD",
    "cik": "0000916793",
    "fillingDate": "2014-08-15",
    "acceptedDate": "2014-08-15 11:58:17",
    "calendarYear": "2014",
    "period": "Q2",
    "revenue": 17918000,
    "costOfRevenue": 10730000,
    "grossProfit": 7188000,
    "grossProfitRatio": 0.4011608438,
    "researchAndDevelopmentExpenses": 1586000,
    "generalAndAdministrativeExpenses": 619000,
    "sellingAndMarketingExpenses": 1082000,
    "sellingGeneralAndAdministrativeExpenses": 1701000,
    "otherExpenses": 0,
    "operatingExpenses": 3287000,
    "costAndExpenses": 14017000,
    "interestIncome": 58000,
    "interestExpense": 0,
    "depreciationAndAmortization": 430000,
    "ebitda": 3901000,
    "ebitdaratio": 0.2177140306,
    "operatingIncome": 3901000,
    "operatingIncomeRatio": 0.2177140306,
    "totalOtherIncomeExpensesNet": 58000,
    "incomeBeforeTax": 3959000,
    "incomeBeforeTaxRatio": 0.220950999,
    "incomeTaxExpense": 632000,
    "netIncome": 3327000,
    "netIncomeRatio": 0.1856792053,
    "eps": 0.46,
    "epsdiluted": 0.45,
    "weightedAverageShsOut": 7183000,
    "weightedAverageShsOutDil": 7337000,
    "link": "https://www.sec.gov/Archives/edgar/data/916793/000117891314002691/0001178913-14-002691-index.htm",
    "finalLink": "https://www.sec.gov/Archives/edgar/data/916793/000117891314002691/exhibit_99-1.htm"
  },
  {
    "date": "2014-03-31",
    "symbol": "SILC",
    "reportedCurrency": "USD",
    "cik": "0000916793",
    "fillingDate": "2014-04-01",
    "acceptedDate": "2014-04-01 08:00:51",
    "calendarYear": "2014",
    "period": "Q1",
    "revenue": 19004000,
    "costOfRevenue": 11266000,
    "grossProfit": 7738000,
    "grossProfitRatio": 0.4071774363,
    "researchAndDevelopmentExpenses": 1458000,
    "generalAndAdministrativeExpenses": 666000,
    "sellingAndMarketingExpenses": 980000,
    "sellingGeneralAndAdministrativeExpenses": 1646000,
    "otherExpenses": 0,
    "operatingExpenses": 3104000,
    "costAndExpenses": 14370000,
    "interestIncome": 105000,
    "interestExpense": 0,
    "depreciationAndAmortization": 164750,
    "ebitda": 4634000,
    "ebitdaratio": 0.2438434014,
    "operatingIncome": 4634000,
    "operatingIncomeRatio": 0.2438434014,
    "totalOtherIncomeExpensesNet": 105000,
    "incomeBeforeTax": 4739000,
    "incomeBeforeTaxRatio": 0.249368554,
    "incomeTaxExpense": 691000,
    "netIncome": 4048000,
    "netIncomeRatio": 0.2130077878,
    "eps": 0.56,
    "epsdiluted": 0.55,
    "weightedAverageShsOut": 7176000,
    "weightedAverageShsOutDil": 7343000,
    "link": "https://www.sec.gov/Archives/edgar/data/916793/000117891314001164/0001178913-14-001164-index.html",
    "finalLink": "https://www.sec.gov/Archives/edgar/data/916793/000117891314001164/zk1414702.htm"
  },
  {
    "date": "2013-12-31",
    "symbol": "SILC",
    "reportedCurrency": "USD",
    "cik": "0000916793",
    "fillingDate": "2014-03-20",
    "acceptedDate": "2014-03-20 10:50:01",
    "calendarYear": "2013",
    "period": "Q4",
    "revenue": 25353000,
    "costOfRevenue": 15267000,
    "grossProfit": 10086000,
    "grossProfitRatio": 0.3978227429,
    "researchAndDevelopmentExpenses": 1571000,
    "generalAndAdministrativeExpenses": 709000,
    "sellingAndMarketingExpenses": 1101000,
    "sellingGeneralAndAdministrativeExpenses": 1810000,
    "otherExpenses": 0,
    "operatingExpenses": 3381000,
    "costAndExpenses": 18648000,
    "interestIncome": 124000,
    "interestExpense": 0,
    "depreciationAndAmortization": 350000,
    "ebitda": 6705000,
    "ebitdaratio": 0.2644657437,
    "operatingIncome": 6705000,
    "operatingIncomeRatio": 0.2644657437,
    "totalOtherIncomeExpensesNet": 124000,
    "incomeBeforeTax": 6829000,
    "incomeBeforeTaxRatio": 0.2693566836,
    "incomeTaxExpense": 164000,
    "netIncome": 6665000,
    "netIncomeRatio": 0.2628880211,
    "eps": 0.94,
    "epsdiluted": 0.91,
    "weightedAverageShsOut": 7119000,
    "weightedAverageShsOutDil": 7289000,
    "link": "https://www.sec.gov/Archives/edgar/data/916793/000117891314001002/0001178913-14-001002-index.htm",
    "finalLink": "https://www.sec.gov/Archives/edgar/data/916793/000117891314001002/zk1414587.htm"
  },
  {
    "date": "2013-09-30",
    "symbol": "SILC",
    "reportedCurrency": "USD",
    "cik": "0000916793",
    "fillingDate": "2013-10-01",
    "acceptedDate": "2013-10-01 08:00:46",
    "calendarYear": "2013",
    "period": "Q3",
    "revenue": 17200000,
    "costOfRevenue": 10183000,
    "grossProfit": 7017000,
    "grossProfitRatio": 0.4079651163,
    "researchAndDevelopmentExpenses": 1305000,
    "generalAndAdministrativeExpenses": 636000,
    "sellingAndMarketingExpenses": 1004000,
    "sellingGeneralAndAdministrativeExpenses": 1640000,
    "otherExpenses": 0,
    "operatingExpenses": 2945000,
    "costAndExpenses": 13128000,
    "interestIncome": 100000,
    "interestExpense": 0,
    "depreciationAndAmortization": 113500,
    "ebitda": 4072000,
    "ebitdaratio": 0.236744186,
    "operatingIncome": 4072000,
    "operatingIncomeRatio": 0.236744186,
    "totalOtherIncomeExpensesNet": 100000,
    "incomeBeforeTax": 4172000,
    "incomeBeforeTaxRatio": 0.2425581395,
    "incomeTaxExpense": 152000,
    "netIncome": 4020000,
    "netIncomeRatio": 0.2337209302,
    "eps": 0.57,
    "epsdiluted": 0.55,
    "weightedAverageShsOut": 7115000,
    "weightedAverageShsOutDil": 7276000,
    "link": "https://www.sec.gov/Archives/edgar/data/916793/000117891313002771/0001178913-13-002771-index.html",
    "finalLink": "https://www.sec.gov/Archives/edgar/data/916793/000117891313002771/zk1313689.htm"
  },
  {
    "date": "2013-06-30",
    "symbol": "SILC",
    "reportedCurrency": "USD",
    "cik": "0000916793",
    "fillingDate": "2013-07-01",
    "acceptedDate": "2013-07-01 08:00:28",
    "calendarYear": "2013",
    "period": "Q2",
    "revenue": 15715000,
    "costOfRevenue": 9414000,
    "grossProfit": 6301000,
    "grossProfitRatio": 0.4009545021,
    "researchAndDevelopmentExpenses": 1345000,
    "generalAndAdministrativeExpenses": 613000,
    "sellingAndMarketingExpenses": 864000,
    "sellingGeneralAndAdministrativeExpenses": 1477000,
    "otherExpenses": 0,
    "operatingExpenses": 2822000,
    "costAndExpenses": 12236000,
    "interestIncome": 62000,
    "interestExpense": 0,
    "depreciationAndAmortization": 310000,
    "ebitda": 3479000,
    "ebitdaratio": 0.2213808463,
    "operatingIncome": 3479000,
    "operatingIncomeRatio": 0.2213808463,
    "totalOtherIncomeExpensesNet": 62000,
    "incomeBeforeTax": 3541000,
    "incomeBeforeTaxRatio": 0.2253261215,
    "incomeTaxExpense": 252000,
    "netIncome": 3289000,
    "netIncomeRatio": 0.2092904868,
    "eps": 0.46,
    "epsdiluted": 0.45,
    "weightedAverageShsOut": 7115000,
    "weightedAverageShsOutDil": 7263000,
    "link": "https://www.sec.gov/Archives/edgar/data/916793/000117891313001941/0001178913-13-001941-index.html",
    "finalLink": "https://www.sec.gov/Archives/edgar/data/916793/000117891313001941/zk1313332.htm"
  },
  {
    "date": "2013-03-31",
    "symbol": "SILC",
    "reportedCurrency": "USD",
    "cik": "0000916793",
    "fillingDate": "2013-04-02",
    "acceptedDate": "2013-04-02 08:29:27",
    "calendarYear": "2013",
    "period": "Q1",
    "revenue": 15030000,
    "costOfRevenue": 9001000,
    "grossProfit": 6029000,
    "grossProfitRatio": 0.4011310712,
    "researchAndDevelopmentExpenses": 1244000,
    "generalAndAdministrativeExpenses": 614000,
    "sellingAndMarketingExpenses": 849000,
    "sellingGeneralAndAdministrativeExpenses": 1463000,
    "otherExpenses": 0,
    "operatingExpenses": 2707000,
    "costAndExpenses": 11708000,
    "interestIncome": 118000,
    "interestExpense": 0,
    "depreciationAndAmortization": 113500,
    "ebitda": 3322000,
    "ebitdaratio": 0.2210246174,
    "operatingIncome": 3322000,
    "operatingIncomeRatio": 0.2210246174,
    "totalOtherIncomeExpensesNet": 118000,
    "incomeBeforeTax": 3440000,
    "incomeBeforeTaxRatio": 0.2288755822,
    "incomeTaxExpense": 337000,
    "netIncome": 3103000,
    "netIncomeRatio": 0.2064537591,
    "eps": 0.44,
    "epsdiluted": 0.43,
    "weightedAverageShsOut": 7063000,
    "weightedAverageShsOutDil": 7166000,
    "link": "https://www.sec.gov/Archives/edgar/data/916793/000117891313000970/0001178913-13-000970-index.html",
    "finalLink": "https://www.sec.gov/Archives/edgar/data/916793/000117891313000970/zk1312898.htm"
  },
  {
    "date": "2012-12-31",
    "symbol": "SILC",
    "reportedCurrency": "USD",
    "cik": "0000916793",
    "fillingDate": "2013-03-21",
    "acceptedDate": "2013-03-21 06:20:39",
    "calendarYear": "2012",
    "period": "Q4",
    "revenue": 16693000,
    "costOfRevenue": 10407000,
    "grossProfit": 6286000,
    "grossProfitRatio": 0.3765650273,
    "researchAndDevelopmentExpenses": 1290000,
    "generalAndAdministrativeExpenses": 805000,
    "sellingAndMarketingExpenses": 1002000,
    "sellingGeneralAndAdministrativeExpenses": 1807000,
    "otherExpenses": 0,
    "operatingExpenses": 3097000,
    "costAndExpenses": 13504000,
    "interestIncome": 128000,
    "interestExpense": 0,
    "depreciationAndAmortization": 450000,
    "ebitda": 3189000,
    "ebitdaratio": 0.1910381597,
    "operatingIncome": 3189000,
    "operatingIncomeRatio": 0.1910381597,
    "totalOtherIncomeExpensesNet": 128000,
    "incomeBeforeTax": 3317000,
    "incomeBeforeTaxRatio": 0.1987060444,
    "incomeTaxExpense": 286000,
    "netIncome": 3031000,
    "netIncomeRatio": 0.1815731145,
    "eps": 0.44,
    "epsdiluted": 0.43,
    "weightedAverageShsOut": 6947000,
    "weightedAverageShsOutDil": 7006000,
    "link": "https://www.sec.gov/Archives/edgar/data/916793/000117891313000821/0001178913-13-000821-index.htm",
    "finalLink": "https://www.sec.gov/Archives/edgar/data/916793/000117891313000821/zk1312787.htm"
  },
  {
    "date": "2012-09-30",
    "symbol": "SILC",
    "reportedCurrency": "USD",
    "cik": "0000916793",
    "fillingDate": "2012-10-02",
    "acceptedDate": "2012-10-02 08:03:19",
    "calendarYear": "2012",
    "period": "Q3",
    "revenue": 11522000,
    "costOfRevenue": 6515000,
    "grossProfit": 5007000,
    "grossProfitRatio": 0.4345599722,
    "researchAndDevelopmentExpenses": 1028000,
    "generalAndAdministrativeExpenses": 502000,
    "sellingAndMarketingExpenses": 799000,
    "sellingGeneralAndAdministrativeExpenses": 1301000,
    "otherExpenses": 0,
    "operatingExpenses": 2329000,
    "costAndExpenses": 8844000,
    "interestIncome": 172000,
    "interestExpense": 0,
    "depreciationAndAmortization": 0,
    "ebitda": 2678000,
    "ebitdaratio": 0.2324249262,
    "operatingIncome": 2678000,
    "operatingIncomeRatio": 0.2324249262,
    "totalOtherIncomeExpensesNet": 172000,
    "incomeBeforeTax": 2850000,
    "incomeBeforeTaxRatio": 0.2473528901,
    "incomeTaxExpense": 269000,
    "netIncome": 2581000,
    "netIncomeRatio": 0.2240062489,
    "eps": 0.37,
    "epsdiluted": 0.37,
    "weightedAverageShsOut": 6931000,
    "weightedAverageShsOutDil": 7020000,
    "link": "https://www.sec.gov/Archives/edgar/data/916793/000117891312002788/0001178913-12-002788-index.html",
    "finalLink": "https://www.sec.gov/Archives/edgar/data/916793/000117891312002788/zk1212084.htm"
  },
  {
    "date": "2012-06-30",
    "symbol": "SILC",
    "reportedCurrency": "USD",
    "cik": "0000916793",
    "fillingDate": "2012-07-02",
    "acceptedDate": "2012-07-02 06:02:58",
    "calendarYear": "2012",
    "period": "Q2",
    "revenue": 10413000,
    "costOfRevenue": 5989000,
    "grossProfit": 4424000,
    "grossProfitRatio": 0.4248535484,
    "researchAndDevelopmentExpenses": 992000,
    "generalAndAdministrativeExpenses": 530000,
    "sellingAndMarketingExpenses": 646000,
    "sellingGeneralAndAdministrativeExpenses": 1176000,
    "otherExpenses": 0,
    "operatingExpenses": 2168000,
    "costAndExpenses": 8157000,
    "interestIncome": 212000,
    "interestExpense": 0,
    "depreciationAndAmortization": 0,
    "ebitda": 2256000,
    "ebitdaratio": 0.2166522616,
    "operatingIncome": 2256000,
    "operatingIncomeRatio": 0.2166522616,
    "totalOtherIncomeExpensesNet": 212000,
    "incomeBeforeTax": 2468000,
    "incomeBeforeTaxRatio": 0.237011428,
    "incomeTaxExpense": 186000,
    "netIncome": 2282000,
    "netIncomeRatio": 0.2191491405,
    "eps": 0.33,
    "epsdiluted": 0.33,
    "weightedAverageShsOut": 6930000,
    "weightedAverageShsOutDil": 7020000,
    "link": "https://www.sec.gov/Archives/edgar/data/916793/000117891312001843/0001178913-12-001843-index.html",
    "finalLink": "https://www.sec.gov/Archives/edgar/data/916793/000117891312001843/zk1211652.htm"
  },
  {
    "date": "2012-03-31",
    "symbol": "SILC",
    "reportedCurrency": "USD",
    "cik": "0000916793",
    "fillingDate": "2012-03-31",
    "acceptedDate": "2012-03-30 20:00:00",
    "calendarYear": "2012",
    "period": "Q1",
    "revenue": 10101000,
    "costOfRevenue": 5938000,
    "grossProfit": 4163000,
    "grossProfitRatio": 0.4121374121,
    "researchAndDevelopmentExpenses": 1091000,
    "generalAndAdministrativeExpenses": 532000,
    "sellingAndMarketingExpenses": 634000,
    "sellingGeneralAndAdministrativeExpenses": 1166000,
    "otherExpenses": 0,
    "operatingExpenses": 2257000,
    "costAndExpenses": 8195000,
    "interestIncome": 240000,
    "interestExpense": 0,
    "depreciationAndAmortization": 0,
    "ebitda": 1906000,
    "ebitdaratio": 0.1886941887,
    "operatingIncome": 1906000,
    "operatingIncomeRatio": 0.1886941887,
    "totalOtherIncomeExpensesNet": 240000,
    "incomeBeforeTax": 2146000,
    "incomeBeforeTaxRatio": 0.2124542125,
    "incomeTaxExpense": 169000,
    "netIncome": 1977000,
    "netIncomeRatio": 0.1957231957,
    "eps": 0.29,
    "epsdiluted": 0.28,
    "weightedAverageShsOut": 6928000,
    "weightedAverageShsOutDil": 7022000,
    "link": "",
    "finalLink": ""
  },
  {
    "date": "2011-12-31",
    "symbol": "SILC",
    "reportedCurrency": "USD",
    "cik": "0000916793",
    "fillingDate": "2012-03-20",
    "acceptedDate": "2012-03-20 06:08:28",
    "calendarYear": "2011",
    "period": "Q4",
    "revenue": 11080000,
    "costOfRevenue": 6369000,
    "grossProfit": 4711000,
    "grossProfitRatio": 0.4251805054,
    "researchAndDevelopmentExpenses": 1071000,
    "generalAndAdministrativeExpenses": 443000,
    "sellingAndMarketingExpenses": 728000,
    "sellingGeneralAndAdministrativeExpenses": 1171000,
    "otherExpenses": 0,
    "operatingExpenses": 2242000,
    "costAndExpenses": 8611000,
    "interestIncome": 0,
    "interestExpense": 0,
    "depreciationAndAmortization": 380000,
    "ebitda": 2469000,
    "ebitdaratio": 0.222833935,
    "operatingIncome": 2469000,
    "operatingIncomeRatio": 0.222833935,
    "totalOtherIncomeExpensesNet": 87000,
    "incomeBeforeTax": 2556000,
    "incomeBeforeTaxRatio": 0.2306859206,
    "incomeTaxExpense": 156000,
    "netIncome": 2400000,
    "netIncomeRatio": 0.2166064982,
    "eps": 0.35,
    "epsdiluted": 0.34,
    "weightedAverageShsOut": 6917000,
    "weightedAverageShsOutDil": 7014000,
    "link": "https://www.sec.gov/Archives/edgar/data/916793/000117891312000740/0001178913-12-000740-index.htm",
    "finalLink": "https://www.sec.gov/Archives/edgar/data/916793/000117891312000740/zk1211125.htm"
  },
  {
    "date": "2011-09-30",
    "symbol": "SILC",
    "reportedCurrency": "USD",
    "cik": "0000916793",
    "fillingDate": "2011-10-03",
    "acceptedDate": "2011-10-03 08:20:26",
    "calendarYear": "2011",
    "period": "Q3",
    "revenue": 10019000,
    "costOfRevenue": 5649000,
    "grossProfit": 4370000,
    "grossProfitRatio": 0.4361712746,
    "researchAndDevelopmentExpenses": 1036000,
    "generalAndAdministrativeExpenses": 473000,
    "sellingAndMarketingExpenses": 619000,
    "sellingGeneralAndAdministrativeExpenses": 1092000,
    "otherExpenses": 0,
    "operatingExpenses": 2128000,
    "costAndExpenses": 7777000,
    "interestIncome": 0,
    "interestExpense": 0,
    "depreciationAndAmortization": 0,
    "ebitda": 2242000,
    "ebitdaratio": 0.2237748278,
    "operatingIncome": 2242000,
    "operatingIncomeRatio": 0.2237748278,
    "totalOtherIncomeExpensesNet": 19000,
    "incomeBeforeTax": 2261000,
    "incomeBeforeTaxRatio": 0.2256712247,
    "incomeTaxExpense": 157000,
    "netIncome": 2104000,
    "netIncomeRatio": 0.2100009981,
    "eps": 0.31,
    "epsdiluted": 0.3,
    "weightedAverageShsOut": 6892000,
    "weightedAverageShsOutDil": 7012000,
    "link": "https://www.sec.gov/Archives/edgar/data/916793/000117891311002742/0001178913-11-002742-index.html",
    "finalLink": "https://www.sec.gov/Archives/edgar/data/916793/000117891311002742/zk1110488.htm"
  },
  {
    "date": "2011-06-30",
    "symbol": "SILC",
    "reportedCurrency": "USD",
    "cik": "0000916793",
    "fillingDate": "2011-07-05",
    "acceptedDate": "2011-07-05 08:03:57",
    "calendarYear": "2011",
    "period": "Q2",
    "revenue": 9357000,
    "costOfRevenue": 5215000,
    "grossProfit": 4142000,
    "grossProfitRatio": 0.4426632468,
    "researchAndDevelopmentExpenses": 1020000,
    "generalAndAdministrativeExpenses": 462000,
    "sellingAndMarketingExpenses": 669000,
    "sellingGeneralAndAdministrativeExpenses": 1131000,
    "otherExpenses": 0,
    "operatingExpenses": 2151000,
    "costAndExpenses": 7366000,
    "interestIncome": 0,
    "interestExpense": 0,
    "depreciationAndAmortization": 0,
    "ebitda": 1991000,
    "ebitdaratio": 0.2127818745,
    "operatingIncome": 1991000,
    "operatingIncomeRatio": 0.2127818745,
    "totalOtherIncomeExpensesNet": 151000,
    "incomeBeforeTax": 2142000,
    "incomeBeforeTaxRatio": 0.2289195255,
    "incomeTaxExpense": 168000,
    "netIncome": 1974000,
    "netIncomeRatio": 0.2109650529,
    "eps": 0.29,
    "epsdiluted": 0.28,
    "weightedAverageShsOut": 6890000,
    "weightedAverageShsOutDil": 7026000,
    "link": "https://www.sec.gov/Archives/edgar/data/916793/000117891311001910/0001178913-11-001910-index.html",
    "finalLink": "https://www.sec.gov/Archives/edgar/data/916793/000117891311001910/zk1110116.htm"
  },
  {
    "date": "2011-03-31",
    "symbol": "SILC",
    "reportedCurrency": "USD",
    "cik": "0000916793",
    "fillingDate": "2011-04-06",
    "acceptedDate": "2011-04-06 08:02:43",
    "calendarYear": "2011",
    "period": "Q1",
    "revenue": 9177000,
    "costOfRevenue": 5197000,
    "grossProfit": 3980000,
    "grossProfitRatio": 0.433692928,
    "researchAndDevelopmentExpenses": 1038000,
    "generalAndAdministrativeExpenses": 512000,
    "sellingAndMarketingExpenses": 661000,
    "sellingGeneralAndAdministrativeExpenses": 1173000,
    "otherExpenses": 0,
    "operatingExpenses": 2211000,
    "costAndExpenses": 7408000,
    "interestIncome": 0,
    "interestExpense": 0,
    "depreciationAndAmortization": 0,
    "ebitda": 1769000,
    "ebitdaratio": 0.19276452,
    "operatingIncome": 1769000,
    "operatingIncomeRatio": 0.19276452,
    "totalOtherIncomeExpensesNet": 182000,
    "incomeBeforeTax": 1951000,
    "incomeBeforeTaxRatio": 0.2125967092,
    "incomeTaxExpense": 186000,
    "netIncome": 1765000,
    "netIncomeRatio": 0.1923286477,
    "eps": 0.26,
    "epsdiluted": 0.25,
    "weightedAverageShsOut": 6886000,
    "weightedAverageShsOutDil": 7013000,
    "link": "https://www.sec.gov/Archives/edgar/data/916793/000117891311001046/0001178913-11-001046-index.html",
    "finalLink": "https://www.sec.gov/Archives/edgar/data/916793/000117891311001046/zk1109725.htm"
  },
  {
    "date": "2010-12-31",
    "symbol": "SILC",
    "reportedCurrency": "USD",
    "cik": "0000916793",
    "fillingDate": "2011-03-17",
    "acceptedDate": "2011-03-17 09:28:50",
    "calendarYear": "2010",
    "period": "Q4",
    "revenue": 9880000,
    "costOfRevenue": 5859000,
    "grossProfit": 4021000,
    "grossProfitRatio": 0.4069838057,
    "researchAndDevelopmentExpenses": 945000,
    "generalAndAdministrativeExpenses": 469000,
    "sellingAndMarketingExpenses": 667000,
    "sellingGeneralAndAdministrativeExpenses": 1136000,
    "otherExpenses": 0,
    "operatingExpenses": 2081000,
    "costAndExpenses": 7940000,
    "interestIncome": 0,
    "interestExpense": 0,
    "depreciationAndAmortization": 420000,
    "ebitda": 1940000,
    "ebitdaratio": 0.1963562753,
    "operatingIncome": 1940000,
    "operatingIncomeRatio": 0.1963562753,
    "totalOtherIncomeExpensesNet": 123000,
    "incomeBeforeTax": 2063000,
    "incomeBeforeTaxRatio": 0.208805668,
    "incomeTaxExpense": 109000,
    "netIncome": 1954000,
    "netIncomeRatio": 0.1977732794,
    "eps": 0.28,
    "epsdiluted": 0.28,
    "weightedAverageShsOut": 6854000,
    "weightedAverageShsOutDil": 6886000,
    "link": "https://www.sec.gov/Archives/edgar/data/916793/000117891311000806/0001178913-11-000806-index.htm",
    "finalLink": "https://www.sec.gov/Archives/edgar/data/916793/000117891311000806/zk1109604.htm"
  },
  {
    "date": "2010-09-30",
    "symbol": "SILC",
    "reportedCurrency": "USD",
    "cik": "0000916793",
    "fillingDate": "2010-10-04",
    "acceptedDate": "2010-10-04 09:24:05",
    "calendarYear": "2010",
    "period": "Q3",
    "revenue": 7380000,
    "costOfRevenue": 4155000,
    "grossProfit": 3225000,
    "grossProfitRatio": 0.4369918699,
    "researchAndDevelopmentExpenses": 805000,
    "generalAndAdministrativeExpenses": 322000,
    "sellingAndMarketingExpenses": 547000,
    "sellingGeneralAndAdministrativeExpenses": 869000,
    "otherExpenses": 0,
    "operatingExpenses": 1674000,
    "costAndExpenses": 5829000,
    "interestIncome": 0,
    "interestExpense": 0,
    "depreciationAndAmortization": 0,
    "ebitda": 1551000,
    "ebitdaratio": 0.2101626016,
    "operatingIncome": 1551000,
    "operatingIncomeRatio": 0.2101626016,
    "totalOtherIncomeExpensesNet": 128000,
    "incomeBeforeTax": 1679000,
    "incomeBeforeTaxRatio": 0.2275067751,
    "incomeTaxExpense": 239000,
    "netIncome": 1440000,
    "netIncomeRatio": 0.1951219512,
    "eps": 0.21,
    "epsdiluted": 0.21,
    "weightedAverageShsOut": 6810000,
    "weightedAverageShsOutDil": 6972000,
    "link": "https://www.sec.gov/Archives/edgar/data/916793/000117891310002565/0001178913-10-002565-index.html",
    "finalLink": "https://www.sec.gov/Archives/edgar/data/916793/000117891310002565/zk1008846.htm"
  },
  {
    "date": "2010-06-30",
    "symbol": "SILC",
    "reportedCurrency": "USD",
    "cik": "0000916793",
    "fillingDate": "2010-07-07",
    "acceptedDate": "2010-07-07 06:51:43",
    "calendarYear": "2010",
    "period": "Q2",
    "revenue": 6739000,
    "costOfRevenue": 3778000,
    "grossProfit": 2961000,
    "grossProfitRatio": 0.4393826977,
    "researchAndDevelopmentExpenses": 693000,
    "generalAndAdministrativeExpenses": 372000,
    "sellingAndMarketingExpenses": 495000,
    "sellingGeneralAndAdministrativeExpenses": 867000,
    "otherExpenses": 0,
    "operatingExpenses": 1560000,
    "costAndExpenses": 5338000,
    "interestIncome": 0,
    "interestExpense": 0,
    "depreciationAndAmortization": 0,
    "ebitda": 1401000,
    "ebitdaratio": 0.2078943463,
    "operatingIncome": 1401000,
    "operatingIncomeRatio": 0.2078943463,
    "totalOtherIncomeExpensesNet": 225000,
    "incomeBeforeTax": 1626000,
    "incomeBeforeTaxRatio": 0.2412820893,
    "incomeTaxExpense": 243000,
    "netIncome": 1383000,
    "netIncomeRatio": 0.2052233269,
    "eps": 0.2,
    "epsdiluted": 0.2,
    "weightedAverageShsOut": 6810000,
    "weightedAverageShsOutDil": 6957000,
    "link": "https://www.sec.gov/Archives/edgar/data/916793/000117891310001754/0001178913-10-001754-index.html",
    "finalLink": "https://www.sec.gov/Archives/edgar/data/916793/000117891310001754/zk1008504.htm"
  },
  {
    "date": "2010-03-31",
    "symbol": "SILC",
    "reportedCurrency": "USD",
    "cik": "0000916793",
    "fillingDate": "2010-04-07",
    "acceptedDate": "2010-04-07 06:57:46",
    "calendarYear": "2010",
    "period": "Q1",
    "revenue": 6400000,
    "costOfRevenue": 3698000,
    "grossProfit": 2702000,
    "grossProfitRatio": 0.4221875,
    "researchAndDevelopmentExpenses": 837000,
    "generalAndAdministrativeExpenses": 360000,
    "sellingAndMarketingExpenses": 498000,
    "sellingGeneralAndAdministrativeExpenses": 858000,
    "otherExpenses": 0,
    "operatingExpenses": 1695000,
    "costAndExpenses": 5393000,
    "interestIncome": 0,
    "interestExpense": 0,
    "depreciationAndAmortization": 0,
    "ebitda": 1007000,
    "ebitdaratio": 0.15734375,
    "operatingIncome": 1007000,
    "operatingIncomeRatio": 0.15734375,
    "totalOtherIncomeExpensesNet": 141000,
    "incomeBeforeTax": 1148000,
    "incomeBeforeTaxRatio": 0.179375,
    "incomeTaxExpense": 210000,
    "netIncome": 938000,
    "netIncomeRatio": 0.1465625,
    "eps": 0.14,
    "epsdiluted": 0.13,
    "weightedAverageShsOut": 6809000,
    "weightedAverageShsOutDil": 6964000,
    "link": "https://www.sec.gov/Archives/edgar/data/916793/000117891310000966/0001178913-10-000966-index.html",
    "finalLink": "https://www.sec.gov/Archives/edgar/data/916793/000117891310000966/zk1008154.htm"
  },
  {
    "date": "2009-12-31",
    "symbol": "SILC",
    "reportedCurrency": "USD",
    "cik": "0000916793",
    "fillingDate": "2010-03-18",
    "acceptedDate": "2010-03-18 06:49:48",
    "calendarYear": "2009",
    "period": "Q4",
    "revenue": 6822000,
    "costOfRevenue": 4121000,
    "grossProfit": 2701000,
    "grossProfitRatio": 0.3959249487,
    "researchAndDevelopmentExpenses": 754000,
    "generalAndAdministrativeExpenses": 345000,
    "sellingAndMarketingExpenses": 521000,
    "sellingGeneralAndAdministrativeExpenses": 866000,
    "otherExpenses": 0,
    "operatingExpenses": 1620000,
    "costAndExpenses": 5741000,
    "interestIncome": 0,
    "interestExpense": 0,
    "depreciationAndAmortization": 440000,
    "ebitda": 2154000,
    "ebitdaratio": 0.3157431838,
    "operatingIncome": 1081000,
    "operatingIncomeRatio": 0.1584579302,
    "totalOtherIncomeExpensesNet": 182000,
    "incomeBeforeTax": 1263000,
    "incomeBeforeTaxRatio": 0.1851363237,
    "incomeTaxExpense": -87000,
    "netIncome": 1350000,
    "netIncomeRatio": 0.1978891821,
    "eps": 0.2,
    "epsdiluted": 0.2,
    "weightedAverageShsOut": 6792000,
    "weightedAverageShsOutDil": 6809000,
    "link": "https://www.sec.gov/Archives/edgar/data/916793/000117891310000776/0001178913-10-000776-index.htm",
    "finalLink": "https://www.sec.gov/Archives/edgar/data/916793/000117891310000776/zk1008068.htm"
  }
]