[
  {
    "date": "2022-09-30",
    "symbol": "OIIM",
    "reportedCurrency": "USD",
    "cik": "0001095348",
    "fillingDate": "2022-09-30",
    "acceptedDate": "2022-09-30 00:00:00",
    "calendarYear": "2022",
    "period": "Q3",
    "revenue": 18161000,
    "costOfRevenue": 8660000,
    "grossProfit": 9501000,
    "grossProfitRatio": 0.5231540113,
    "researchAndDevelopmentExpenses": 4824000,
    "generalAndAdministrativeExpenses": 0,
    "sellingAndMarketingExpenses": 0,
    "sellingGeneralAndAdministrativeExpenses": 6313000,
    "otherExpenses": -35000,
    "operatingExpenses": 11102000,
    "costAndExpenses": 19762000,
    "interestIncome": 156000,
    "interestExpense": 156000,
    "depreciationAndAmortization": -324000,
    "ebitda": -1925000,
    "ebitdaratio": -0.1059963658,
    "operatingIncome": -1601000,
    "operatingIncomeRatio": -0.0881559385,
    "totalOtherIncomeExpensesNet": 615000,
    "incomeBeforeTax": -1021000,
    "incomeBeforeTaxRatio": -0.0562193712,
    "incomeTaxExpense": 239000,
    "netIncome": -1260000,
    "netIncomeRatio": -0.0693794395,
    "eps": -0.0432,
    "epsdiluted": -0.0432,
    "weightedAverageShsOut": 29180000,
    "weightedAverageShsOutDil": 29180000,
    "link": null,
    "finalLink": null
  },
  {
    "date": "2022-06-30",
    "symbol": "OIIM",
    "reportedCurrency": "USD",
    "cik": "0001095348",
    "fillingDate": "2022-06-30",
    "acceptedDate": "2022-06-30 00:00:00",
    "calendarYear": "2022",
    "period": "Q2",
    "revenue": 22058000,
    "costOfRevenue": 10447000,
    "grossProfit": 11611000,
    "grossProfitRatio": 0.526384985,
    "researchAndDevelopmentExpenses": 4918000,
    "generalAndAdministrativeExpenses": 0,
    "sellingAndMarketingExpenses": 0,
    "sellingGeneralAndAdministrativeExpenses": 6224000,
    "otherExpenses": -75000,
    "operatingExpenses": 11067000,
    "costAndExpenses": 21514000,
    "interestIncome": 80000,
    "interestExpense": 80000,
    "depreciationAndAmortization": 318000,
    "ebitda": 506000,
    "ebitdaratio": 0.0229395231,
    "operatingIncome": 188000,
    "operatingIncomeRatio": 0.0085229849,
    "totalOtherIncomeExpensesNet": 318000,
    "incomeBeforeTax": 787000,
    "incomeBeforeTaxRatio": 0.0356786653,
    "incomeTaxExpense": 232000,
    "netIncome": 555000,
    "netIncomeRatio": 0.0251609393,
    "eps": 0.0183,
    "epsdiluted": 0.0183,
    "weightedAverageShsOut": 29151000,
    "weightedAverageShsOutDil": 30396000,
    "link": null,
    "finalLink": null
  },
  {
    "date": "2022-03-31",
    "symbol": "OIIM",
    "reportedCurrency": "USD",
    "cik": "0001095348",
    "fillingDate": "2022-03-31",
    "acceptedDate": "2022-03-31 00:00:00",
    "calendarYear": "2022",
    "period": "Q1",
    "revenue": 21625000,
    "costOfRevenue": 10257000,
    "grossProfit": 11368000,
    "grossProfitRatio": 0.5256878613,
    "researchAndDevelopmentExpenses": 4970000,
    "generalAndAdministrativeExpenses": 0,
    "sellingAndMarketingExpenses": 0,
    "sellingGeneralAndAdministrativeExpenses": 5565000,
    "otherExpenses": -11000,
    "operatingExpenses": 10524000,
    "costAndExpenses": 20781000,
    "interestIncome": 60000,
    "interestExpense": -285000,
    "depreciationAndAmortization": 285000,
    "ebitda": 742000,
    "ebitdaratio": 0.0343121387,
    "operatingIncome": 457000,
    "operatingIncomeRatio": 0.021132948,
    "totalOtherIncomeExpensesNet": 285000,
    "incomeBeforeTax": 1118000,
    "incomeBeforeTaxRatio": 0.051699422,
    "incomeTaxExpense": 203000,
    "netIncome": 915000,
    "netIncomeRatio": 0.0423121387,
    "eps": 0.0299,
    "epsdiluted": 0.0299,
    "weightedAverageShsOut": 30609000,
    "weightedAverageShsOutDil": 30609000,
    "link": null,
    "finalLink": null
  },
  {
    "date": "2021-12-31",
    "symbol": "OIIM",
    "reportedCurrency": "USD",
    "cik": "0001095348",
    "fillingDate": "2022-04-18",
    "acceptedDate": "2022-04-15 18:03:59",
    "calendarYear": "2021",
    "period": "Q4",
    "revenue": 24385000,
    "costOfRevenue": 11146000,
    "grossProfit": 13239000,
    "grossProfitRatio": 0.5429157269,
    "researchAndDevelopmentExpenses": 4977000,
    "generalAndAdministrativeExpenses": 5465000,
    "sellingAndMarketingExpenses": 203000,
    "sellingGeneralAndAdministrativeExpenses": 5668000,
    "otherExpenses": -117000,
    "operatingExpenses": 10528000,
    "costAndExpenses": 21674000,
    "interestIncome": 63000,
    "interestExpense": 833000,
    "depreciationAndAmortization": 8000,
    "ebitda": 2602000,
    "ebitdaratio": 0.1067049416,
    "operatingIncome": 2594000,
    "operatingIncomeRatio": 0.106376871,
    "totalOtherIncomeExpensesNet": 395000,
    "incomeBeforeTax": 2989000,
    "incomeBeforeTaxRatio": 0.1225753537,
    "incomeTaxExpense": 196000,
    "netIncome": 2793000,
    "netIncomeRatio": 0.1145376256,
    "eps": 0.1,
    "epsdiluted": 0.09,
    "weightedAverageShsOut": 28515000,
    "weightedAverageShsOutDil": 30820000,
    "link": "https://www.sec.gov/Archives/edgar/data/1095348/000117184322002617/0001171843-22-002617-index.htm",
    "finalLink": "https://www.sec.gov/Archives/edgar/data/1095348/000117184322002617/oiim20211231_20f.htm"
  },
  {
    "date": "2021-09-30",
    "symbol": "OIIM",
    "reportedCurrency": "USD",
    "cik": "0001095348",
    "fillingDate": "2021-09-30",
    "acceptedDate": "2021-09-30 00:00:00",
    "calendarYear": "2021",
    "period": "Q3",
    "revenue": 27270000,
    "costOfRevenue": 13096000,
    "grossProfit": 14174000,
    "grossProfitRatio": 0.5197653099,
    "researchAndDevelopmentExpenses": 5126000,
    "generalAndAdministrativeExpenses": 0,
    "sellingAndMarketingExpenses": 0,
    "sellingGeneralAndAdministrativeExpenses": 5434000,
    "otherExpenses": -136000,
    "operatingExpenses": 10424000,
    "costAndExpenses": 23520000,
    "interestIncome": 48000,
    "interestExpense": 0,
    "depreciationAndAmortization": 79000,
    "ebitda": 3693000,
    "ebitdaratio": 0.1354235424,
    "operatingIncome": 3614000,
    "operatingIncomeRatio": 0.132526586,
    "totalOtherIncomeExpensesNet": 342000,
    "incomeBeforeTax": 3956000,
    "incomeBeforeTaxRatio": 0.1450678401,
    "incomeTaxExpense": 279000,
    "netIncome": 3677000,
    "netIncomeRatio": 0.134836817,
    "eps": 0.13,
    "epsdiluted": 0.12,
    "weightedAverageShsOut": 28478000,
    "weightedAverageShsOutDil": 31017000,
    "link": null,
    "finalLink": null
  },
  {
    "date": "2021-06-30",
    "symbol": "OIIM",
    "reportedCurrency": "USD",
    "cik": "0001095348",
    "fillingDate": "2021-07-07",
    "acceptedDate": "2021-07-07 17:00:19",
    "calendarYear": "2021",
    "period": "Q2",
    "revenue": 26205000,
    "costOfRevenue": 12718000,
    "grossProfit": 13487000,
    "grossProfitRatio": 0.5146727724,
    "researchAndDevelopmentExpenses": 4741000,
    "generalAndAdministrativeExpenses": 5465000,
    "sellingAndMarketingExpenses": 0,
    "sellingGeneralAndAdministrativeExpenses": 5465000,
    "otherExpenses": 113000,
    "operatingExpenses": 10178000,
    "costAndExpenses": 22896000,
    "interestIncome": 62000,
    "interestExpense": 0,
    "depreciationAndAmortization": 98000,
    "ebitda": 3379000,
    "ebitdaratio": 0.1289448579,
    "operatingIncome": 3281000,
    "operatingIncomeRatio": 0.1252051135,
    "totalOtherIncomeExpensesNet": 133000,
    "incomeBeforeTax": 3414000,
    "incomeBeforeTaxRatio": 0.1302804808,
    "incomeTaxExpense": 253000,
    "netIncome": 3161000,
    "netIncomeRatio": 0.1206258348,
    "eps": 0.11,
    "epsdiluted": 0.1,
    "weightedAverageShsOut": 28435000,
    "weightedAverageShsOutDil": 31063000,
    "link": "https://www.sec.gov/Archives/edgar/data/1095348/000117184321004779/0001171843-21-004779-index.htm",
    "finalLink": "https://www.sec.gov/Archives/edgar/data/1095348/000117184321004779/exh_991.htm"
  },
  {
    "date": "2021-03-31",
    "symbol": "OIIM",
    "reportedCurrency": "USD",
    "cik": "0001095348",
    "fillingDate": "2021-03-31",
    "acceptedDate": "2021-03-30 20:00:00",
    "calendarYear": "2021",
    "period": "Q1",
    "revenue": 23236000,
    "costOfRevenue": 11246000,
    "grossProfit": 11990000,
    "grossProfitRatio": 0.5160096402,
    "researchAndDevelopmentExpenses": 4566000,
    "generalAndAdministrativeExpenses": 0,
    "sellingAndMarketingExpenses": 0,
    "sellingGeneralAndAdministrativeExpenses": 5056000,
    "otherExpenses": 130000,
    "operatingExpenses": 9512000,
    "costAndExpenses": 20758000,
    "interestIncome": 76000,
    "interestExpense": 0,
    "depreciationAndAmortization": 68000,
    "ebitda": 2436000,
    "ebitdaratio": 0.1048373214,
    "operatingIncome": 2368000,
    "operatingIncomeRatio": 0.101910828,
    "totalOtherIncomeExpensesNet": 358000,
    "incomeBeforeTax": 2726000,
    "incomeBeforeTaxRatio": 0.1173179549,
    "incomeTaxExpense": 244000,
    "netIncome": 2482000,
    "netIncomeRatio": 0.1068170081,
    "eps": 0.0888,
    "epsdiluted": 0.079,
    "weightedAverageShsOut": 27964000,
    "weightedAverageShsOutDil": 31400000,
    "link": null,
    "finalLink": null
  },
  {
    "date": "2020-12-31",
    "symbol": "OIIM",
    "reportedCurrency": "USD",
    "cik": "0001095348",
    "fillingDate": "2021-05-17",
    "acceptedDate": "2021-05-17 16:46:41",
    "calendarYear": "2020",
    "period": "Q4",
    "revenue": 23235000,
    "costOfRevenue": 11317000,
    "grossProfit": 11918000,
    "grossProfitRatio": 0.5129330751,
    "researchAndDevelopmentExpenses": 3881000,
    "generalAndAdministrativeExpenses": 0,
    "sellingAndMarketingExpenses": 0,
    "sellingGeneralAndAdministrativeExpenses": 4385000,
    "otherExpenses": -46000,
    "operatingExpenses": 7449000,
    "costAndExpenses": 18766000,
    "interestIncome": 70000,
    "interestExpense": 0,
    "depreciationAndAmortization": 738000,
    "ebitda": 4390000,
    "ebitdaratio": 0.1889391005,
    "operatingIncome": 3652000,
    "operatingIncomeRatio": 0.1571766731,
    "totalOtherIncomeExpensesNet": 920000,
    "incomeBeforeTax": 4572000,
    "incomeBeforeTaxRatio": 0.196772111,
    "incomeTaxExpense": 215000,
    "netIncome": 4357000,
    "netIncomeRatio": 0.1875188294,
    "eps": 0.15,
    "epsdiluted": 0.15,
    "weightedAverageShsOut": 27161000,
    "weightedAverageShsOutDil": 30664000,
    "link": "https://www.sec.gov/Archives/edgar/data/1095348/000117184321003587/0001171843-21-003587-index.htm",
    "finalLink": "https://www.sec.gov/Archives/edgar/data/1095348/000117184321003587/f20f_051721p.htm"
  },
  {
    "date": "2020-09-30",
    "symbol": "OIIM",
    "reportedCurrency": "USD",
    "cik": "0001095348",
    "fillingDate": "2020-08-11",
    "acceptedDate": "2020-08-11 09:00:20",
    "calendarYear": "2020",
    "period": "Q3",
    "revenue": 22235000,
    "costOfRevenue": 10713000,
    "grossProfit": 11522000,
    "grossProfitRatio": 0.5181920396,
    "researchAndDevelopmentExpenses": 4072000,
    "generalAndAdministrativeExpenses": 0,
    "sellingAndMarketingExpenses": 0,
    "sellingGeneralAndAdministrativeExpenses": 4333000,
    "otherExpenses": 271000,
    "operatingExpenses": 8405000,
    "costAndExpenses": 19118000,
    "interestIncome": 92000,
    "interestExpense": 0,
    "depreciationAndAmortization": 295000,
    "ebitda": 3412000,
    "ebitdaratio": 0.1534517652,
    "operatingIncome": 3117000,
    "operatingIncomeRatio": 0.140184394,
    "totalOtherIncomeExpensesNet": 68000,
    "incomeBeforeTax": 3185000,
    "incomeBeforeTaxRatio": 0.1432426355,
    "incomeTaxExpense": 255000,
    "netIncome": 2930000,
    "netIncomeRatio": 0.1317742298,
    "eps": 0.11,
    "epsdiluted": 0.1,
    "weightedAverageShsOut": 27040000,
    "weightedAverageShsOutDil": 28896000,
    "link": "https://www.sec.gov/Archives/edgar/data/1095348/000117184320005805/0001171843-20-005805-index.htm",
    "finalLink": "https://www.sec.gov/Archives/edgar/data/1095348/000117184320005805/exh_991.htm"
  },
  {
    "date": "2020-06-30",
    "symbol": "OIIM",
    "reportedCurrency": "USD",
    "cik": "0001095348",
    "fillingDate": "2020-06-30",
    "acceptedDate": "2020-06-29 20:00:00",
    "calendarYear": "2020",
    "period": "Q2",
    "revenue": 17284000,
    "costOfRevenue": 8431000,
    "grossProfit": 8853000,
    "grossProfitRatio": 0.5122078223,
    "researchAndDevelopmentExpenses": 5025000,
    "generalAndAdministrativeExpenses": 0,
    "sellingAndMarketingExpenses": 0,
    "sellingGeneralAndAdministrativeExpenses": 4503000,
    "otherExpenses": 193000,
    "operatingExpenses": 9528000,
    "costAndExpenses": 17959000,
    "interestIncome": 157000,
    "interestExpense": 0,
    "depreciationAndAmortization": -967000,
    "ebitda": -1642000,
    "ebitdaratio": -0.0950011571,
    "operatingIncome": -675000,
    "operatingIncomeRatio": -0.0390534598,
    "totalOtherIncomeExpensesNet": 1317000,
    "incomeBeforeTax": 642000,
    "incomeBeforeTaxRatio": 0.0371441796,
    "incomeTaxExpense": 262000,
    "netIncome": 380000,
    "netIncomeRatio": 0.0219856515,
    "eps": 0.0141,
    "epsdiluted": 0.0137,
    "weightedAverageShsOut": 26991000,
    "weightedAverageShsOutDil": 27726000,
    "link": null,
    "finalLink": null
  },
  {
    "date": "2020-03-31",
    "symbol": "OIIM",
    "reportedCurrency": "USD",
    "cik": "0001095348",
    "fillingDate": "2020-03-31",
    "acceptedDate": "2020-03-30 20:00:00",
    "calendarYear": "2020",
    "period": "Q1",
    "revenue": 15581000,
    "costOfRevenue": 7490000,
    "grossProfit": 8091000,
    "grossProfitRatio": 0.5192863102,
    "researchAndDevelopmentExpenses": 4141000,
    "generalAndAdministrativeExpenses": 4521000,
    "sellingAndMarketingExpenses": 0,
    "sellingGeneralAndAdministrativeExpenses": 4521000,
    "otherExpenses": 117000,
    "operatingExpenses": 8662000,
    "costAndExpenses": 16152000,
    "interestIncome": 187000,
    "interestExpense": 0,
    "depreciationAndAmortization": 1068000,
    "ebitda": 497000,
    "ebitdaratio": 0.0318978243,
    "operatingIncome": -571000,
    "operatingIncomeRatio": -0.0366471985,
    "totalOtherIncomeExpensesNet": -764000,
    "incomeBeforeTax": -1335000,
    "incomeBeforeTaxRatio": -0.0856812785,
    "incomeTaxExpense": 205000,
    "netIncome": -1540000,
    "netIncomeRatio": -0.0988383287,
    "eps": -0.0576,
    "epsdiluted": -0.0576,
    "weightedAverageShsOut": 26720000,
    "weightedAverageShsOutDil": 26720000,
    "link": null,
    "finalLink": null
  },
  {
    "date": "2019-12-31",
    "symbol": "OIIM",
    "reportedCurrency": "USD",
    "cik": "0001095348",
    "fillingDate": "2020-04-30",
    "acceptedDate": "2020-04-30 16:31:59",
    "calendarYear": "2019",
    "period": "Q4",
    "revenue": 17861000,
    "costOfRevenue": 7727000,
    "grossProfit": 10134000,
    "grossProfitRatio": 0.5673814456,
    "researchAndDevelopmentExpenses": 4382000,
    "generalAndAdministrativeExpenses": 0,
    "sellingAndMarketingExpenses": 0,
    "sellingGeneralAndAdministrativeExpenses": 4828000,
    "otherExpenses": 231000,
    "operatingExpenses": 9210000,
    "costAndExpenses": 16937000,
    "interestIncome": 216000,
    "interestExpense": 0,
    "depreciationAndAmortization": -666000,
    "ebitda": 258000,
    "ebitdaratio": 0.0144448799,
    "operatingIncome": 924000,
    "operatingIncomeRatio": 0.0517328257,
    "totalOtherIncomeExpensesNet": 1113000,
    "incomeBeforeTax": 2037000,
    "incomeBeforeTaxRatio": 0.1140473658,
    "incomeTaxExpense": 250000,
    "netIncome": 1787000,
    "netIncomeRatio": 0.1000503891,
    "eps": 0.05,
    "epsdiluted": 0.05,
    "weightedAverageShsOut": 26347000,
    "weightedAverageShsOutDil": 27095000,
    "link": "https://www.sec.gov/Archives/edgar/data/1095348/000117184320003137/0001171843-20-003137-index.htm",
    "finalLink": "https://www.sec.gov/Archives/edgar/data/1095348/000117184320003137/f20f_043020p.htm"
  },
  {
    "date": "2019-09-30",
    "symbol": "OIIM",
    "reportedCurrency": "USD",
    "cik": "0001095348",
    "fillingDate": "2019-09-30",
    "acceptedDate": "2019-09-29 20:00:00",
    "calendarYear": "2019",
    "period": "Q3",
    "revenue": 16033000,
    "costOfRevenue": 7792000,
    "grossProfit": 8241000,
    "grossProfitRatio": 0.5140023701,
    "researchAndDevelopmentExpenses": 4727000,
    "generalAndAdministrativeExpenses": 0,
    "sellingAndMarketingExpenses": 0,
    "sellingGeneralAndAdministrativeExpenses": 4623000,
    "otherExpenses": 362000,
    "operatingExpenses": 9350000,
    "costAndExpenses": 17142000,
    "interestIncome": 163000,
    "interestExpense": 0,
    "depreciationAndAmortization": -716000,
    "ebitda": -1825000,
    "ebitdaratio": -0.1138277303,
    "operatingIncome": -1109000,
    "operatingIncomeRatio": -0.0691698372,
    "totalOtherIncomeExpensesNet": 1241000,
    "incomeBeforeTax": 132000,
    "incomeBeforeTaxRatio": 0.0082330194,
    "incomeTaxExpense": 332000,
    "netIncome": -200000,
    "netIncomeRatio": -0.0124742718,
    "eps": -0.0076,
    "epsdiluted": -0.0076,
    "weightedAverageShsOut": 26347000,
    "weightedAverageShsOutDil": 26347000,
    "link": null,
    "finalLink": null
  },
  {
    "date": "2019-06-30",
    "symbol": "OIIM",
    "reportedCurrency": "USD",
    "cik": "0001095348",
    "fillingDate": "2019-05-23",
    "acceptedDate": "2019-05-23 16:00:17",
    "calendarYear": "2019",
    "period": "Q2",
    "revenue": 14271000,
    "costOfRevenue": 7125000,
    "grossProfit": 7146000,
    "grossProfitRatio": 0.5007357578,
    "researchAndDevelopmentExpenses": 4846000,
    "generalAndAdministrativeExpenses": 0,
    "sellingAndMarketingExpenses": 0,
    "sellingGeneralAndAdministrativeExpenses": 4879000,
    "otherExpenses": 112000,
    "operatingExpenses": 9725000,
    "costAndExpenses": 16850000,
    "interestIncome": 107000,
    "interestExpense": 0,
    "depreciationAndAmortization": 130000,
    "ebitda": -2449000,
    "ebitdaratio": -0.171606755,
    "operatingIncome": -2579000,
    "operatingIncomeRatio": -0.1807161376,
    "totalOtherIncomeExpensesNet": 89000,
    "incomeBeforeTax": -2490000,
    "incomeBeforeTaxRatio": -0.1744797141,
    "incomeTaxExpense": 290000,
    "netIncome": -2780000,
    "netIncomeRatio": -0.1948006447,
    "eps": -0.11,
    "epsdiluted": -0.11,
    "weightedAverageShsOut": 26356000,
    "weightedAverageShsOutDil": 26356000,
    "link": "https://www.sec.gov/Archives/edgar/data/1095348/000117184319003588/0001171843-19-003588-index.htm",
    "finalLink": "https://www.sec.gov/Archives/edgar/data/1095348/000117184319003588/exh_991.htm"
  },
  {
    "date": "2019-03-31",
    "symbol": "OIIM",
    "reportedCurrency": "USD",
    "cik": "0001095348",
    "fillingDate": "2019-03-31",
    "acceptedDate": "2019-03-30 20:00:00",
    "calendarYear": "2019",
    "period": "Q1",
    "revenue": 12763000,
    "costOfRevenue": 6316000,
    "grossProfit": 6447000,
    "grossProfitRatio": 0.5051320223,
    "researchAndDevelopmentExpenses": 5110000,
    "generalAndAdministrativeExpenses": 0,
    "sellingAndMarketingExpenses": 0,
    "sellingGeneralAndAdministrativeExpenses": 4956000,
    "otherExpenses": 141000,
    "operatingExpenses": 10066000,
    "costAndExpenses": 16382000,
    "interestIncome": 57000,
    "interestExpense": 0,
    "depreciationAndAmortization": 126000,
    "ebitda": -3493000,
    "ebitdaratio": -0.2736817363,
    "operatingIncome": -3619000,
    "operatingIncomeRatio": -0.2835540233,
    "totalOtherIncomeExpensesNet": 72000,
    "incomeBeforeTax": -3547000,
    "incomeBeforeTaxRatio": -0.2779127164,
    "incomeTaxExpense": 299000,
    "netIncome": -3846000,
    "netIncomeRatio": -0.3013398104,
    "eps": -0.15,
    "epsdiluted": -0.15,
    "weightedAverageShsOut": 26294000,
    "weightedAverageShsOutDil": 26294000,
    "link": null,
    "finalLink": null
  },
  {
    "date": "2018-12-31",
    "symbol": "OIIM",
    "reportedCurrency": "USD",
    "cik": "0001095348",
    "fillingDate": "2019-04-30",
    "acceptedDate": "2019-04-30 06:03:25",
    "calendarYear": "2018",
    "period": "Q4",
    "revenue": 16586000,
    "costOfRevenue": 8243000,
    "grossProfit": 8343000,
    "grossProfitRatio": 0.5030145906,
    "researchAndDevelopmentExpenses": 5020000,
    "generalAndAdministrativeExpenses": 0,
    "sellingAndMarketingExpenses": 0,
    "sellingGeneralAndAdministrativeExpenses": 5386000,
    "otherExpenses": 531000,
    "operatingExpenses": 10406000,
    "costAndExpenses": 18649000,
    "interestIncome": 71000,
    "interestExpense": 0,
    "depreciationAndAmortization": 1295000,
    "ebitda": -768000,
    "ebitdaratio": -0.0463041119,
    "operatingIncome": -2063000,
    "operatingIncomeRatio": -0.1243820089,
    "totalOtherIncomeExpensesNet": -693000,
    "incomeBeforeTax": -2756000,
    "incomeBeforeTaxRatio": -0.1661642349,
    "incomeTaxExpense": 330000,
    "netIncome": -3086000,
    "netIncomeRatio": -0.186060533,
    "eps": -0.12,
    "epsdiluted": -0.12,
    "weightedAverageShsOut": 26019000,
    "weightedAverageShsOutDil": 26019000,
    "link": "https://www.sec.gov/Archives/edgar/data/1095348/000117184319002736/0001171843-19-002736-index.htm",
    "finalLink": "https://www.sec.gov/Archives/edgar/data/1095348/000117184319002736/f20f_042619p.htm"
  },
  {
    "date": "2018-09-30",
    "symbol": "OIIM",
    "reportedCurrency": "USD",
    "cik": "0001095348",
    "fillingDate": "2018-09-30",
    "acceptedDate": "2018-09-29 20:00:00",
    "calendarYear": "2018",
    "period": "Q3",
    "revenue": 16815000,
    "costOfRevenue": 8322000,
    "grossProfit": 8493000,
    "grossProfitRatio": 0.5050847458,
    "researchAndDevelopmentExpenses": 5245000,
    "generalAndAdministrativeExpenses": 0,
    "sellingAndMarketingExpenses": 0,
    "sellingGeneralAndAdministrativeExpenses": 4947000,
    "otherExpenses": 122000,
    "operatingExpenses": 10192000,
    "costAndExpenses": 18514000,
    "interestIncome": 87000,
    "interestExpense": 0,
    "depreciationAndAmortization": 1684000,
    "ebitda": -15000,
    "ebitdaratio": -0.0008920607,
    "operatingIncome": -1699000,
    "operatingIncomeRatio": -0.1010407374,
    "totalOtherIncomeExpensesNet": -1475000,
    "incomeBeforeTax": -3174000,
    "incomeBeforeTaxRatio": -0.1887600357,
    "incomeTaxExpense": 281000,
    "netIncome": -3455000,
    "netIncomeRatio": -0.2054713054,
    "eps": -0.13,
    "epsdiluted": -0.13,
    "weightedAverageShsOut": 26039000,
    "weightedAverageShsOutDil": 26039000,
    "link": null,
    "finalLink": null
  },
  {
    "date": "2018-06-30",
    "symbol": "OIIM",
    "reportedCurrency": "USD",
    "cik": "0001095348",
    "fillingDate": "2018-06-30",
    "acceptedDate": "2018-06-29 20:00:00",
    "calendarYear": "2018",
    "period": "Q2",
    "revenue": 15205000,
    "costOfRevenue": 7290000,
    "grossProfit": 7915000,
    "grossProfitRatio": 0.5205524499,
    "researchAndDevelopmentExpenses": 4695000,
    "generalAndAdministrativeExpenses": 0,
    "sellingAndMarketingExpenses": 0,
    "sellingGeneralAndAdministrativeExpenses": 5035000,
    "otherExpenses": 123000,
    "operatingExpenses": 9730000,
    "costAndExpenses": 17020000,
    "interestIncome": 114000,
    "interestExpense": 0,
    "depreciationAndAmortization": -3304000,
    "ebitda": -5119000,
    "ebitdaratio": -0.3366655705,
    "operatingIncome": -1815000,
    "operatingIncomeRatio": -0.1193686287,
    "totalOtherIncomeExpensesNet": 3541000,
    "incomeBeforeTax": 1726000,
    "incomeBeforeTaxRatio": 0.113515291,
    "incomeTaxExpense": 265000,
    "netIncome": 1461000,
    "netIncomeRatio": 0.0960868135,
    "eps": 0.06,
    "epsdiluted": 0.06,
    "weightedAverageShsOut": 26029000,
    "weightedAverageShsOutDil": 26462000,
    "link": null,
    "finalLink": null
  },
  {
    "date": "2018-03-31",
    "symbol": "OIIM",
    "reportedCurrency": "USD",
    "cik": "0001095348",
    "fillingDate": "2018-05-09",
    "acceptedDate": "2018-05-08 17:41:50",
    "calendarYear": "2018",
    "period": "Q1",
    "revenue": 14108000,
    "costOfRevenue": 6886000,
    "grossProfit": 7222000,
    "grossProfitRatio": 0.5119081372,
    "researchAndDevelopmentExpenses": 4806000,
    "generalAndAdministrativeExpenses": 0,
    "sellingAndMarketingExpenses": 0,
    "sellingGeneralAndAdministrativeExpenses": 4964000,
    "otherExpenses": 267000,
    "operatingExpenses": 9770000,
    "costAndExpenses": 16656000,
    "interestIncome": 97000,
    "interestExpense": 0,
    "depreciationAndAmortization": -9617000,
    "ebitda": -12165000,
    "ebitdaratio": -0.8622767224,
    "operatingIncome": -2548000,
    "operatingIncomeRatio": -0.1806067479,
    "totalOtherIncomeExpensesNet": 9981000,
    "incomeBeforeTax": 7433000,
    "incomeBeforeTaxRatio": 0.5268641905,
    "incomeTaxExpense": 265000,
    "netIncome": 7168000,
    "netIncomeRatio": 0.5080805217,
    "eps": 0.28,
    "epsdiluted": 0.27,
    "weightedAverageShsOut": 25977000,
    "weightedAverageShsOutDil": 26477000,
    "link": "https://www.sec.gov/Archives/edgar/data/1095348/000117184318003678/0001171843-18-003678-index.htm",
    "finalLink": "https://www.sec.gov/Archives/edgar/data/1095348/000117184318003678/exh_991.htm"
  },
  {
    "date": "2017-12-31",
    "symbol": "OIIM",
    "reportedCurrency": "USD",
    "cik": "0001095348",
    "fillingDate": "2018-04-19",
    "acceptedDate": "2018-04-18 21:01:31",
    "calendarYear": "2017",
    "period": "Q4",
    "revenue": 15217000,
    "costOfRevenue": 7525000,
    "grossProfit": 7692000,
    "grossProfitRatio": 0.505487284,
    "researchAndDevelopmentExpenses": 4774000,
    "generalAndAdministrativeExpenses": 0,
    "sellingAndMarketingExpenses": 0,
    "sellingGeneralAndAdministrativeExpenses": 4673000,
    "otherExpenses": 202000,
    "operatingExpenses": 9447000,
    "costAndExpenses": 16972000,
    "interestIncome": 87000,
    "interestExpense": 898000,
    "depreciationAndAmortization": 84000,
    "ebitda": -1671000,
    "ebitdaratio": -0.1098113952,
    "operatingIncome": -1755000,
    "operatingIncomeRatio": -0.1153315371,
    "totalOtherIncomeExpensesNet": 205000,
    "incomeBeforeTax": -1550000,
    "incomeBeforeTaxRatio": -0.1018597621,
    "incomeTaxExpense": 329000,
    "netIncome": -1879000,
    "netIncomeRatio": -0.1234803181,
    "eps": -0.0731,
    "epsdiluted": -0.0731,
    "weightedAverageShsOut": 25696000,
    "weightedAverageShsOutDil": 25696000,
    "link": "https://www.sec.gov/Archives/edgar/data/1095348/000117184318002832/0001171843-18-002832-index.htm",
    "finalLink": "https://www.sec.gov/Archives/edgar/data/1095348/000117184318002832/f20f_042018p.htm"
  },
  {
    "date": "2017-09-30",
    "symbol": "OIIM",
    "reportedCurrency": "USD",
    "cik": "0001095348",
    "fillingDate": "2017-09-30",
    "acceptedDate": "2017-09-29 20:00:00",
    "calendarYear": "2017",
    "period": "Q3",
    "revenue": 15520000,
    "costOfRevenue": 7707000,
    "grossProfit": 7813000,
    "grossProfitRatio": 0.5034149485,
    "researchAndDevelopmentExpenses": 4662000,
    "generalAndAdministrativeExpenses": 0,
    "sellingAndMarketingExpenses": 0,
    "sellingGeneralAndAdministrativeExpenses": 4880000,
    "otherExpenses": 199000,
    "operatingExpenses": 9542000,
    "costAndExpenses": 17249000,
    "interestIncome": 88000,
    "interestExpense": 0,
    "depreciationAndAmortization": -296000,
    "ebitda": -2025000,
    "ebitdaratio": -0.1304768041,
    "operatingIncome": -1729000,
    "operatingIncomeRatio": -0.1114046392,
    "totalOtherIncomeExpensesNet": 583000,
    "incomeBeforeTax": -1146000,
    "incomeBeforeTaxRatio": -0.0738402062,
    "incomeTaxExpense": 229000,
    "netIncome": -1375000,
    "netIncomeRatio": -0.0885953608,
    "eps": -0.0535,
    "epsdiluted": -0.0535,
    "weightedAverageShsOut": 25718000,
    "weightedAverageShsOutDil": 25718000,
    "link": null,
    "finalLink": null
  },
  {
    "date": "2017-06-30",
    "symbol": "OIIM",
    "reportedCurrency": "USD",
    "cik": "0001095348",
    "fillingDate": "2017-06-30",
    "acceptedDate": "2017-06-29 20:00:00",
    "calendarYear": "2017",
    "period": "Q2",
    "revenue": 14514000,
    "costOfRevenue": 7127000,
    "grossProfit": 7387000,
    "grossProfitRatio": 0.5089568692,
    "researchAndDevelopmentExpenses": 4501000,
    "generalAndAdministrativeExpenses": 0,
    "sellingAndMarketingExpenses": 0,
    "sellingGeneralAndAdministrativeExpenses": 4440000,
    "otherExpenses": 183000,
    "operatingExpenses": 8941000,
    "costAndExpenses": 16068000,
    "interestIncome": 90000,
    "interestExpense": 0,
    "depreciationAndAmortization": -77000,
    "ebitda": -1631000,
    "ebitdaratio": -0.1123742593,
    "operatingIncome": -1554000,
    "operatingIncomeRatio": -0.1070690368,
    "totalOtherIncomeExpensesNet": 350000,
    "incomeBeforeTax": -1204000,
    "incomeBeforeTaxRatio": -0.0829543889,
    "incomeTaxExpense": 230000,
    "netIncome": -1434000,
    "netIncomeRatio": -0.0988011575,
    "eps": -0.0554,
    "epsdiluted": -0.0554,
    "weightedAverageShsOut": 25864000,
    "weightedAverageShsOutDil": 25864000,
    "link": null,
    "finalLink": null
  },
  {
    "date": "2017-03-31",
    "symbol": "OIIM",
    "reportedCurrency": "USD",
    "cik": "0001095348",
    "fillingDate": "2017-04-06",
    "acceptedDate": "2017-04-06 15:47:18",
    "calendarYear": "2017",
    "period": "Q1",
    "revenue": 14954000,
    "costOfRevenue": 7067000,
    "grossProfit": 7887000,
    "grossProfitRatio": 0.5274174134,
    "researchAndDevelopmentExpenses": 4052000,
    "generalAndAdministrativeExpenses": 0,
    "sellingAndMarketingExpenses": 0,
    "sellingGeneralAndAdministrativeExpenses": 5054000,
    "otherExpenses": 102000,
    "operatingExpenses": 9106000,
    "costAndExpenses": 16173000,
    "interestIncome": 79000,
    "interestExpense": 0,
    "depreciationAndAmortization": 178000,
    "ebitda": -1022000,
    "ebitdaratio": -0.0683429183,
    "operatingIncome": -1200000,
    "operatingIncomeRatio": -0.080246088,
    "totalOtherIncomeExpensesNet": -35000,
    "incomeBeforeTax": -1235000,
    "incomeBeforeTaxRatio": -0.0825865989,
    "incomeTaxExpense": 222000,
    "netIncome": -1457000,
    "netIncomeRatio": -0.0974321252,
    "eps": -0.0564,
    "epsdiluted": -0.0564,
    "weightedAverageShsOut": 25840000,
    "weightedAverageShsOutDil": 25840000,
    "link": "https://www.sec.gov/Archives/edgar/data/1095348/000117184317002015/0001171843-17-002015-index.htm",
    "finalLink": "https://www.sec.gov/Archives/edgar/data/1095348/000117184317002015/exh_991.htm"
  },
  {
    "date": "2016-12-31",
    "symbol": "OIIM",
    "reportedCurrency": "USD",
    "cik": "0001095348",
    "fillingDate": "2017-04-06",
    "acceptedDate": "2017-04-06 12:53:15",
    "calendarYear": "2016",
    "period": "Q4",
    "revenue": 15909000,
    "costOfRevenue": 7302000,
    "grossProfit": 8607000,
    "grossProfitRatio": 0.5410145201,
    "researchAndDevelopmentExpenses": 4118000,
    "generalAndAdministrativeExpenses": 0,
    "sellingAndMarketingExpenses": 0,
    "sellingGeneralAndAdministrativeExpenses": 4866000,
    "otherExpenses": 271000,
    "operatingExpenses": 8984000,
    "costAndExpenses": 16286000,
    "interestIncome": 77000,
    "interestExpense": 3204000,
    "depreciationAndAmortization": -379000,
    "ebitda": -756000,
    "ebitdaratio": -0.0475202715,
    "operatingIncome": -377000,
    "operatingIncomeRatio": -0.0236972783,
    "totalOtherIncomeExpensesNet": 727000,
    "incomeBeforeTax": 350000,
    "incomeBeforeTaxRatio": 0.0220001257,
    "incomeTaxExpense": 338000,
    "netIncome": 12000,
    "netIncomeRatio": 0.00075429,
    "eps": 0.0005,
    "epsdiluted": 0.0005,
    "weightedAverageShsOut": 25592000,
    "weightedAverageShsOutDil": 26050000,
    "link": "https://www.sec.gov/Archives/edgar/data/1095348/000117184317002014/0001171843-17-002014-index.htm",
    "finalLink": "https://www.sec.gov/Archives/edgar/data/1095348/000117184317002014/f20f_040617p.htm"
  },
  {
    "date": "2016-09-30",
    "symbol": "OIIM",
    "reportedCurrency": "USD",
    "cik": "0001095348",
    "fillingDate": "2016-09-30",
    "acceptedDate": "2016-09-29 20:00:00",
    "calendarYear": "2016",
    "period": "Q3",
    "revenue": 14445000,
    "costOfRevenue": 6847000,
    "grossProfit": 7598000,
    "grossProfitRatio": 0.525995154,
    "researchAndDevelopmentExpenses": 3960000,
    "generalAndAdministrativeExpenses": 0,
    "sellingAndMarketingExpenses": 0,
    "sellingGeneralAndAdministrativeExpenses": 4741000,
    "otherExpenses": 195000,
    "operatingExpenses": 8701000,
    "costAndExpenses": 15548000,
    "interestIncome": 71000,
    "interestExpense": 0,
    "depreciationAndAmortization": -2451000,
    "ebitda": -3554000,
    "ebitdaratio": -0.2460366909,
    "operatingIncome": -1103000,
    "operatingIncomeRatio": -0.0763586016,
    "totalOtherIncomeExpensesNet": 2717000,
    "incomeBeforeTax": 1614000,
    "incomeBeforeTaxRatio": 0.1117341641,
    "incomeTaxExpense": 282000,
    "netIncome": 1332000,
    "netIncomeRatio": 0.092211838,
    "eps": 0.05,
    "epsdiluted": 0.05,
    "weightedAverageShsOut": 25608000,
    "weightedAverageShsOutDil": 25880000,
    "link": null,
    "finalLink": null
  },
  {
    "date": "2016-06-30",
    "symbol": "OIIM",
    "reportedCurrency": "USD",
    "cik": "0001095348",
    "fillingDate": "2016-06-30",
    "acceptedDate": "2016-06-29 20:00:00",
    "calendarYear": "2016",
    "period": "Q2",
    "revenue": 13222000,
    "costOfRevenue": 6521000,
    "grossProfit": 6701000,
    "grossProfitRatio": 0.5068068371,
    "researchAndDevelopmentExpenses": 3775000,
    "generalAndAdministrativeExpenses": 0,
    "sellingAndMarketingExpenses": 0,
    "sellingGeneralAndAdministrativeExpenses": 5020000,
    "otherExpenses": 179000,
    "operatingExpenses": 8795000,
    "costAndExpenses": 15316000,
    "interestIncome": 76000,
    "interestExpense": 0,
    "depreciationAndAmortization": -110000,
    "ebitda": -2204000,
    "ebitdaratio": -0.1666918772,
    "operatingIncome": -2094000,
    "operatingIncomeRatio": -0.1583724096,
    "totalOtherIncomeExpensesNet": 365000,
    "incomeBeforeTax": -1729000,
    "incomeBeforeTaxRatio": -0.1307669036,
    "incomeTaxExpense": 237000,
    "netIncome": -1966000,
    "netIncomeRatio": -0.1486915746,
    "eps": -0.0766,
    "epsdiluted": -0.0766,
    "weightedAverageShsOut": 25673000,
    "weightedAverageShsOutDil": 25673000,
    "link": null,
    "finalLink": null
  },
  {
    "date": "2016-03-31",
    "symbol": "OIIM",
    "reportedCurrency": "USD",
    "cik": "0001095348",
    "fillingDate": "2016-05-11",
    "acceptedDate": "2016-05-11 14:45:27",
    "calendarYear": "2016",
    "period": "Q1",
    "revenue": 12985000,
    "costOfRevenue": 6647000,
    "grossProfit": 6338000,
    "grossProfitRatio": 0.4881016558,
    "researchAndDevelopmentExpenses": 3792000,
    "generalAndAdministrativeExpenses": 0,
    "sellingAndMarketingExpenses": 0,
    "sellingGeneralAndAdministrativeExpenses": 4854000,
    "otherExpenses": 249000,
    "operatingExpenses": 8646000,
    "costAndExpenses": 15293000,
    "interestIncome": 77000,
    "interestExpense": 0,
    "depreciationAndAmortization": 158000,
    "ebitda": -2127000,
    "ebitdaratio": -0.1638043897,
    "operatingIncome": -2285000,
    "operatingIncomeRatio": -0.1759722757,
    "totalOtherIncomeExpensesNet": 122000,
    "incomeBeforeTax": -2163000,
    "incomeBeforeTaxRatio": -0.1665768194,
    "incomeTaxExpense": 201000,
    "netIncome": -2364000,
    "netIncomeRatio": -0.1820562187,
    "eps": -0.092,
    "epsdiluted": -0.092,
    "weightedAverageShsOut": 25699000,
    "weightedAverageShsOutDil": 25699000,
    "link": "https://www.sec.gov/Archives/edgar/data/1095348/000117184316009955/0001171843-16-009955-index.htm",
    "finalLink": "https://www.sec.gov/Archives/edgar/data/1095348/000117184316009955/exh_991.htm"
  },
  {
    "date": "2015-12-31",
    "symbol": "OIIM",
    "reportedCurrency": "USD",
    "cik": "0001095348",
    "fillingDate": "2016-05-02",
    "acceptedDate": "2016-04-29 20:01:34",
    "calendarYear": "2015",
    "period": "Q4",
    "revenue": 13379000,
    "costOfRevenue": 6636000,
    "grossProfit": 6743000,
    "grossProfitRatio": 0.5039988041,
    "researchAndDevelopmentExpenses": 5487000,
    "generalAndAdministrativeExpenses": 0,
    "sellingAndMarketingExpenses": 0,
    "sellingGeneralAndAdministrativeExpenses": 5814000,
    "otherExpenses": 386000,
    "operatingExpenses": 11301000,
    "costAndExpenses": 17937000,
    "interestIncome": 106000,
    "interestExpense": 0,
    "depreciationAndAmortization": 4906000,
    "ebitda": 348000,
    "ebitdaratio": 0.0260109126,
    "operatingIncome": -4558000,
    "operatingIncomeRatio": -0.3406831602,
    "totalOtherIncomeExpensesNet": -4414000,
    "incomeBeforeTax": -8972000,
    "incomeBeforeTaxRatio": -0.6706031841,
    "incomeTaxExpense": 3825000,
    "netIncome": -12797000,
    "netIncomeRatio": -0.956498991,
    "eps": -0.5,
    "epsdiluted": -0.5,
    "weightedAverageShsOut": 25627000,
    "weightedAverageShsOutDil": 25627000,
    "link": "https://www.sec.gov/Archives/edgar/data/1095348/000117184316009559/0001171843-16-009559-index.htm",
    "finalLink": "https://www.sec.gov/Archives/edgar/data/1095348/000117184316009559/f20f_042816p.htm"
  },
  {
    "date": "2015-09-30",
    "symbol": "OIIM",
    "reportedCurrency": "USD",
    "cik": "0001095348",
    "fillingDate": "2015-09-30",
    "acceptedDate": "2015-09-29 20:00:00",
    "calendarYear": "2015",
    "period": "Q3",
    "revenue": 13671000,
    "costOfRevenue": 6556000,
    "grossProfit": 7115000,
    "grossProfitRatio": 0.520444737,
    "researchAndDevelopmentExpenses": 4709000,
    "generalAndAdministrativeExpenses": 0,
    "sellingAndMarketingExpenses": 0,
    "sellingGeneralAndAdministrativeExpenses": 5827000,
    "otherExpenses": 105000,
    "operatingExpenses": 10536000,
    "costAndExpenses": 17092000,
    "interestIncome": 139000,
    "interestExpense": 0,
    "depreciationAndAmortization": -1102000,
    "ebitda": -4523000,
    "ebitdaratio": -0.330846317,
    "operatingIncome": -3421000,
    "operatingIncomeRatio": -0.2502377295,
    "totalOtherIncomeExpensesNet": 1346000,
    "incomeBeforeTax": -2075000,
    "incomeBeforeTaxRatio": -0.1517811426,
    "incomeTaxExpense": 287000,
    "netIncome": -2362000,
    "netIncomeRatio": -0.1727744861,
    "eps": -0.0912,
    "epsdiluted": -0.0912,
    "weightedAverageShsOut": 25896000,
    "weightedAverageShsOutDil": 25896000,
    "link": null,
    "finalLink": null
  },
  {
    "date": "2015-06-30",
    "symbol": "OIIM",
    "reportedCurrency": "USD",
    "cik": "0001095348",
    "fillingDate": "2015-06-30",
    "acceptedDate": "2015-06-29 20:00:00",
    "calendarYear": "2015",
    "period": "Q2",
    "revenue": 14690000,
    "costOfRevenue": 7407000,
    "grossProfit": 7283000,
    "grossProfitRatio": 0.4957794418,
    "researchAndDevelopmentExpenses": 3837000,
    "generalAndAdministrativeExpenses": 0,
    "sellingAndMarketingExpenses": 0,
    "sellingGeneralAndAdministrativeExpenses": 6320000,
    "otherExpenses": 176000,
    "operatingExpenses": 10157000,
    "costAndExpenses": 17564000,
    "interestIncome": 199000,
    "interestExpense": 0,
    "depreciationAndAmortization": -49000,
    "ebitda": -2923000,
    "ebitdaratio": -0.1989788972,
    "operatingIncome": -2874000,
    "operatingIncomeRatio": -0.1956432948,
    "totalOtherIncomeExpensesNet": 424000,
    "incomeBeforeTax": -2450000,
    "incomeBeforeTaxRatio": -0.1667801225,
    "incomeTaxExpense": 287000,
    "netIncome": -2737000,
    "netIncomeRatio": -0.1863172226,
    "eps": -0.1,
    "epsdiluted": -0.1,
    "weightedAverageShsOut": 26113000,
    "weightedAverageShsOutDil": 26113000,
    "link": null,
    "finalLink": null
  },
  {
    "date": "2015-03-31",
    "symbol": "OIIM",
    "reportedCurrency": "USD",
    "cik": "0001095348",
    "fillingDate": "2015-05-19",
    "acceptedDate": "2015-05-19 08:30:27",
    "calendarYear": "2015",
    "period": "Q1",
    "revenue": 13101000,
    "costOfRevenue": 6546000,
    "grossProfit": 6555000,
    "grossProfitRatio": 0.5003434852,
    "researchAndDevelopmentExpenses": 4460000,
    "generalAndAdministrativeExpenses": 0,
    "sellingAndMarketingExpenses": 0,
    "sellingGeneralAndAdministrativeExpenses": 5671000,
    "otherExpenses": 74000,
    "operatingExpenses": 10131000,
    "costAndExpenses": 16677000,
    "interestIncome": 237000,
    "interestExpense": 0,
    "depreciationAndAmortization": -307000,
    "ebitda": -3883000,
    "ebitdaratio": -0.2963895886,
    "operatingIncome": -3576000,
    "operatingIncomeRatio": -0.2729562629,
    "totalOtherIncomeExpensesNet": 618000,
    "incomeBeforeTax": -2958000,
    "incomeBeforeTaxRatio": -0.2257842913,
    "incomeTaxExpense": 241000,
    "netIncome": -3199000,
    "netIncomeRatio": -0.2441798336,
    "eps": -0.12,
    "epsdiluted": -0.12,
    "weightedAverageShsOut": 26480000,
    "weightedAverageShsOutDil": 26480000,
    "link": "https://www.sec.gov/Archives/edgar/data/1095348/000117184315002945/0001171843-15-002945-index.htm",
    "finalLink": "https://www.sec.gov/Archives/edgar/data/1095348/000117184315002945/exh_991.htm"
  },
  {
    "date": "2014-12-31",
    "symbol": "OIIM",
    "reportedCurrency": "USD",
    "cik": "0001095348",
    "fillingDate": "2015-04-30",
    "acceptedDate": "2015-04-30 16:02:02",
    "calendarYear": "2014",
    "period": "Q4",
    "revenue": 14330000,
    "costOfRevenue": 7028000,
    "grossProfit": 7302000,
    "grossProfitRatio": 0.5095603629,
    "researchAndDevelopmentExpenses": 5556000,
    "generalAndAdministrativeExpenses": 0,
    "sellingAndMarketingExpenses": 0,
    "sellingGeneralAndAdministrativeExpenses": 5845000,
    "otherExpenses": -61000,
    "operatingExpenses": 11401000,
    "costAndExpenses": 18429000,
    "interestIncome": 244000,
    "interestExpense": 0,
    "depreciationAndAmortization": 4595000,
    "ebitda": -2456000,
    "ebitdaratio": -0.171388695,
    "operatingIncome": -7051000,
    "operatingIncomeRatio": -0.4920446615,
    "totalOtherIncomeExpensesNet": 1492000,
    "incomeBeforeTax": -5559000,
    "incomeBeforeTaxRatio": -0.387927425,
    "incomeTaxExpense": 450000,
    "netIncome": -6009000,
    "netIncomeRatio": -0.4193300768,
    "eps": -0.23,
    "epsdiluted": -0.23,
    "weightedAverageShsOut": 26690000,
    "weightedAverageShsOutDil": 26690000,
    "link": "https://www.sec.gov/Archives/edgar/data/1095348/000117184315002381/0001171843-15-002381-index.htm",
    "finalLink": "https://www.sec.gov/Archives/edgar/data/1095348/000117184315002381/f20f_043015.htm"
  },
  {
    "date": "2014-09-30",
    "symbol": "OIIM",
    "reportedCurrency": "USD",
    "cik": "0001095348",
    "fillingDate": "2014-09-30",
    "acceptedDate": "2014-09-29 20:00:00",
    "calendarYear": "2014",
    "period": "Q3",
    "revenue": 15384000,
    "costOfRevenue": 7408000,
    "grossProfit": 7976000,
    "grossProfitRatio": 0.5184607384,
    "researchAndDevelopmentExpenses": 5499000,
    "generalAndAdministrativeExpenses": 0,
    "sellingAndMarketingExpenses": 0,
    "sellingGeneralAndAdministrativeExpenses": 6018000,
    "otherExpenses": 394000,
    "operatingExpenses": 11517000,
    "costAndExpenses": 18925000,
    "interestIncome": 255000,
    "interestExpense": 0,
    "depreciationAndAmortization": -201000,
    "ebitda": -3742000,
    "ebitdaratio": -0.2432397296,
    "operatingIncome": -3541000,
    "operatingIncomeRatio": -0.230174207,
    "totalOtherIncomeExpensesNet": 850000,
    "incomeBeforeTax": -2691000,
    "incomeBeforeTaxRatio": -0.1749219969,
    "incomeTaxExpense": 250000,
    "netIncome": -2941000,
    "netIncomeRatio": -0.1911726469,
    "eps": -0.11,
    "epsdiluted": -0.11,
    "weightedAverageShsOut": 27174000,
    "weightedAverageShsOutDil": 27174000,
    "link": null,
    "finalLink": null
  },
  {
    "date": "2014-06-30",
    "symbol": "OIIM",
    "reportedCurrency": "USD",
    "cik": "0001095348",
    "fillingDate": "2014-08-01",
    "acceptedDate": "2014-08-01 13:38:46",
    "calendarYear": "2014",
    "period": "Q2",
    "revenue": 17405000,
    "costOfRevenue": 8433000,
    "grossProfit": 8972000,
    "grossProfitRatio": 0.5154840563,
    "researchAndDevelopmentExpenses": 5759000,
    "generalAndAdministrativeExpenses": 0,
    "sellingAndMarketingExpenses": 0,
    "sellingGeneralAndAdministrativeExpenses": 6324000,
    "otherExpenses": 59000,
    "operatingExpenses": 12083000,
    "costAndExpenses": 20516000,
    "interestIncome": 267000,
    "interestExpense": 0,
    "depreciationAndAmortization": 180000,
    "ebitda": -2931000,
    "ebitdaratio": -0.1683998851,
    "operatingIncome": -3111000,
    "operatingIncomeRatio": -0.1787417409,
    "totalOtherIncomeExpensesNet": 146000,
    "incomeBeforeTax": -2965000,
    "incomeBeforeTaxRatio": -0.1703533467,
    "incomeTaxExpense": 229000,
    "netIncome": -3194000,
    "netIncomeRatio": -0.1835104855,
    "eps": -0.12,
    "epsdiluted": -0.12,
    "weightedAverageShsOut": 27376000,
    "weightedAverageShsOutDil": 27376000,
    "link": "https://www.sec.gov/Archives/edgar/data/1095348/000117184314003655/0001171843-14-003655-index.htm",
    "finalLink": "https://www.sec.gov/Archives/edgar/data/1095348/000117184314003655/exh_991.htm"
  },
  {
    "date": "2014-03-31",
    "symbol": "OIIM",
    "reportedCurrency": "USD",
    "cik": "0001095348",
    "fillingDate": "2014-03-31",
    "acceptedDate": "2014-03-30 20:00:00",
    "calendarYear": "2014",
    "period": "Q1",
    "revenue": 16472000,
    "costOfRevenue": 7987000,
    "grossProfit": 8485000,
    "grossProfitRatio": 0.5151165614,
    "researchAndDevelopmentExpenses": 5071000,
    "generalAndAdministrativeExpenses": 0,
    "sellingAndMarketingExpenses": 0,
    "sellingGeneralAndAdministrativeExpenses": 6534000,
    "otherExpenses": 40000,
    "operatingExpenses": 11605000,
    "costAndExpenses": 19592000,
    "interestIncome": 269000,
    "interestExpense": 0,
    "depreciationAndAmortization": -153000,
    "ebitda": -3273000,
    "ebitdaratio": -0.1987008256,
    "operatingIncome": -3120000,
    "operatingIncomeRatio": -0.1894123361,
    "totalOtherIncomeExpensesNet": 462000,
    "incomeBeforeTax": -2658000,
    "incomeBeforeTaxRatio": -0.1613647402,
    "incomeTaxExpense": 255000,
    "netIncome": -2913000,
    "netIncomeRatio": -0.1768455561,
    "eps": -0.1,
    "epsdiluted": -0.1,
    "weightedAverageShsOut": 27757000,
    "weightedAverageShsOutDil": 27757000,
    "link": null,
    "finalLink": null
  },
  {
    "date": "2013-12-31",
    "symbol": "OIIM",
    "reportedCurrency": "USD",
    "cik": "0001095348",
    "fillingDate": "2014-04-30",
    "acceptedDate": "2014-04-30 17:26:07",
    "calendarYear": "2013",
    "period": "Q4",
    "revenue": 19104000,
    "costOfRevenue": 9541000,
    "grossProfit": 9563000,
    "grossProfitRatio": 0.5005757956,
    "researchAndDevelopmentExpenses": 7193000,
    "generalAndAdministrativeExpenses": 0,
    "sellingAndMarketingExpenses": 0,
    "sellingGeneralAndAdministrativeExpenses": 7797000,
    "otherExpenses": 299000,
    "operatingExpenses": 14990000,
    "costAndExpenses": 24531000,
    "interestIncome": 272000,
    "interestExpense": 0,
    "depreciationAndAmortization": -87000,
    "ebitda": -5514000,
    "ebitdaratio": -0.2886306533,
    "operatingIncome": -5427000,
    "operatingIncomeRatio": -0.2840766332,
    "totalOtherIncomeExpensesNet": 658000,
    "incomeBeforeTax": -4769000,
    "incomeBeforeTaxRatio": -0.2496335846,
    "incomeTaxExpense": 291000,
    "netIncome": -5063000,
    "netIncomeRatio": -0.2650230318,
    "eps": -0.18,
    "epsdiluted": -0.18,
    "weightedAverageShsOut": 27958000,
    "weightedAverageShsOutDil": 27958000,
    "link": "https://www.sec.gov/Archives/edgar/data/1095348/000117184314002034/0001171843-14-002034-index.htm",
    "finalLink": "https://www.sec.gov/Archives/edgar/data/1095348/000117184314002034/f20f_042914.htm"
  },
  {
    "date": "2013-09-30",
    "symbol": "OIIM",
    "reportedCurrency": "USD",
    "cik": "0001095348",
    "fillingDate": "2013-09-30",
    "acceptedDate": "2013-09-29 20:00:00",
    "calendarYear": "2013",
    "period": "Q3",
    "revenue": 18617000,
    "costOfRevenue": 9056000,
    "grossProfit": 9561000,
    "grossProfitRatio": 0.5135628726,
    "researchAndDevelopmentExpenses": 6514000,
    "generalAndAdministrativeExpenses": 0,
    "sellingAndMarketingExpenses": 0,
    "sellingGeneralAndAdministrativeExpenses": 7719000,
    "otherExpenses": 196000,
    "operatingExpenses": 14233000,
    "costAndExpenses": 23289000,
    "interestIncome": 309000,
    "interestExpense": 0,
    "depreciationAndAmortization": 128000,
    "ebitda": -4544000,
    "ebitdaratio": -0.2440779932,
    "operatingIncome": -4672000,
    "operatingIncomeRatio": -0.2509534297,
    "totalOtherIncomeExpensesNet": 377000,
    "incomeBeforeTax": -4295000,
    "incomeBeforeTaxRatio": -0.2307031208,
    "incomeTaxExpense": 247000,
    "netIncome": -4542000,
    "netIncomeRatio": -0.2439705645,
    "eps": -0.16,
    "epsdiluted": -0.16,
    "weightedAverageShsOut": 28318000,
    "weightedAverageShsOutDil": 28318000,
    "link": null,
    "finalLink": null
  },
  {
    "date": "2013-06-30",
    "symbol": "OIIM",
    "reportedCurrency": "USD",
    "cik": "0001095348",
    "fillingDate": "2013-05-29",
    "acceptedDate": "2013-05-29 17:21:27",
    "calendarYear": "2013",
    "period": "Q2",
    "revenue": 18715000,
    "costOfRevenue": 9133000,
    "grossProfit": 9582000,
    "grossProfitRatio": 0.5119957254,
    "researchAndDevelopmentExpenses": 6746000,
    "generalAndAdministrativeExpenses": 0,
    "sellingAndMarketingExpenses": 0,
    "sellingGeneralAndAdministrativeExpenses": 7858000,
    "otherExpenses": 146000,
    "operatingExpenses": 14604000,
    "costAndExpenses": 23737000,
    "interestIncome": 343000,
    "interestExpense": 0,
    "depreciationAndAmortization": -320000,
    "ebitda": -5342000,
    "ebitdaratio": -0.285439487,
    "operatingIncome": -5022000,
    "operatingIncomeRatio": -0.268340903,
    "totalOtherIncomeExpensesNet": 809000,
    "incomeBeforeTax": -4213000,
    "incomeBeforeTaxRatio": -0.2251135453,
    "incomeTaxExpense": 224000,
    "netIncome": -4437000,
    "netIncomeRatio": -0.2370825541,
    "eps": -0.15,
    "epsdiluted": -0.15,
    "weightedAverageShsOut": 28852000,
    "weightedAverageShsOutDil": 28852000,
    "link": "https://www.sec.gov/Archives/edgar/data/1095348/000117184313002310/0001171843-13-002310-index.htm",
    "finalLink": "https://www.sec.gov/Archives/edgar/data/1095348/000117184313002310/exh_991.htm"
  },
  {
    "date": "2013-03-31",
    "symbol": "OIIM",
    "reportedCurrency": "USD",
    "cik": "0001095348",
    "fillingDate": "2013-03-31",
    "acceptedDate": "2013-03-30 20:00:00",
    "calendarYear": "2013",
    "period": "Q1",
    "revenue": 17349000,
    "costOfRevenue": 8681000,
    "grossProfit": 8668000,
    "grossProfitRatio": 0.4996253386,
    "researchAndDevelopmentExpenses": 6564000,
    "generalAndAdministrativeExpenses": 0,
    "sellingAndMarketingExpenses": 0,
    "sellingGeneralAndAdministrativeExpenses": 7524000,
    "otherExpenses": 5000,
    "operatingExpenses": 14088000,
    "costAndExpenses": 22769000,
    "interestIncome": 379000,
    "interestExpense": 0,
    "depreciationAndAmortization": -212000,
    "ebitda": -5632000,
    "ebitdaratio": -0.3246296617,
    "operatingIncome": -5420000,
    "operatingIncomeRatio": -0.3124099372,
    "totalOtherIncomeExpensesNet": 596000,
    "incomeBeforeTax": -4824000,
    "incomeBeforeTaxRatio": -0.2780563721,
    "incomeTaxExpense": 230000,
    "netIncome": -5057000,
    "netIncomeRatio": -0.291486541,
    "eps": -0.17,
    "epsdiluted": -0.17,
    "weightedAverageShsOut": 29738000,
    "weightedAverageShsOutDil": 29738000,
    "link": null,
    "finalLink": null
  },
  {
    "date": "2012-12-31",
    "symbol": "OIIM",
    "reportedCurrency": "USD",
    "cik": "0001095348",
    "fillingDate": "2013-04-30",
    "acceptedDate": "2013-04-30 17:01:23",
    "calendarYear": "2012",
    "period": "Q4",
    "revenue": 16823000,
    "costOfRevenue": 8134000,
    "grossProfit": 8689000,
    "grossProfitRatio": 0.5164952743,
    "researchAndDevelopmentExpenses": 8235000,
    "generalAndAdministrativeExpenses": 0,
    "sellingAndMarketingExpenses": 0,
    "sellingGeneralAndAdministrativeExpenses": 8429000,
    "otherExpenses": 362000,
    "operatingExpenses": 7342000,
    "costAndExpenses": 15476000,
    "interestIncome": 382000,
    "interestExpense": 0,
    "depreciationAndAmortization": 25657000,
    "ebitda": 14339000,
    "ebitdaratio": 0.8523450039,
    "operatingIncome": -11318000,
    "operatingIncomeRatio": -0.6727694228,
    "totalOtherIncomeExpensesNet": 928000,
    "incomeBeforeTax": -10390000,
    "incomeBeforeTaxRatio": -0.6176068478,
    "incomeTaxExpense": 266000,
    "netIncome": -10578000,
    "netIncomeRatio": -0.6287820246,
    "eps": -0.35,
    "epsdiluted": -0.35,
    "weightedAverageShsOut": 30356000,
    "weightedAverageShsOutDil": 30356000,
    "link": "https://www.sec.gov/Archives/edgar/data/1095348/000117184313001663/0001171843-13-001663-index.htm",
    "finalLink": "https://www.sec.gov/Archives/edgar/data/1095348/000117184313001663/f20f_043013.htm"
  },
  {
    "date": "2012-09-30",
    "symbol": "OIIM",
    "reportedCurrency": "USD",
    "cik": "0001095348",
    "fillingDate": "2012-09-30",
    "acceptedDate": "2012-09-29 20:00:00",
    "calendarYear": "2012",
    "period": "Q3",
    "revenue": 22843000,
    "costOfRevenue": 10390000,
    "grossProfit": 12453000,
    "grossProfitRatio": 0.5451560653,
    "researchAndDevelopmentExpenses": 8610000,
    "generalAndAdministrativeExpenses": 0,
    "sellingAndMarketingExpenses": 0,
    "sellingGeneralAndAdministrativeExpenses": 8692000,
    "otherExpenses": 0,
    "operatingExpenses": 17302000,
    "costAndExpenses": 27692000,
    "interestIncome": 448000,
    "interestExpense": 0,
    "depreciationAndAmortization": -363000,
    "ebitda": -5212000,
    "ebitdaratio": -0.2281661778,
    "operatingIncome": -4849000,
    "operatingIncomeRatio": -0.2122750952,
    "totalOtherIncomeExpensesNet": 811000,
    "incomeBeforeTax": -4038000,
    "incomeBeforeTaxRatio": -0.1767718776,
    "incomeTaxExpense": 293000,
    "netIncome": -4317000,
    "netIncomeRatio": -0.1889856849,
    "eps": -0.14,
    "epsdiluted": -0.14,
    "weightedAverageShsOut": 30943000,
    "weightedAverageShsOutDil": 30943000,
    "link": null,
    "finalLink": null
  },
  {
    "date": "2012-06-30",
    "symbol": "OIIM",
    "reportedCurrency": "USD",
    "cik": "0001095348",
    "fillingDate": "2012-06-30",
    "acceptedDate": "2012-06-29 20:00:00",
    "calendarYear": "2012",
    "period": "Q2",
    "revenue": 28313000,
    "costOfRevenue": 12530000,
    "grossProfit": 15783000,
    "grossProfitRatio": 0.5574471091,
    "researchAndDevelopmentExpenses": 8842000,
    "generalAndAdministrativeExpenses": 0,
    "sellingAndMarketingExpenses": 0,
    "sellingGeneralAndAdministrativeExpenses": 8942000,
    "otherExpenses": 0,
    "operatingExpenses": 17784000,
    "costAndExpenses": 30314000,
    "interestIncome": 441000,
    "interestExpense": 0,
    "depreciationAndAmortization": 18970000,
    "ebitda": 7547000,
    "ebitdaratio": 0.266555999,
    "operatingIncome": -11423000,
    "operatingIncomeRatio": -0.4034542436,
    "totalOtherIncomeExpensesNet": 315000,
    "incomeBeforeTax": -11108000,
    "incomeBeforeTaxRatio": -0.3923286123,
    "incomeTaxExpense": 299000,
    "netIncome": -10942000,
    "netIncomeRatio": -0.3864655812,
    "eps": -0.35,
    "epsdiluted": -0.35,
    "weightedAverageShsOut": 31591000,
    "weightedAverageShsOutDil": 31591000,
    "link": null,
    "finalLink": null
  },
  {
    "date": "2012-03-31",
    "symbol": "OIIM",
    "reportedCurrency": "USD",
    "cik": "0001095348",
    "fillingDate": "2012-05-01",
    "acceptedDate": "2012-05-01 10:27:00",
    "calendarYear": "2012",
    "period": "Q1",
    "revenue": 29687000,
    "costOfRevenue": 13013000,
    "grossProfit": 16674000,
    "grossProfitRatio": 0.5616599859,
    "researchAndDevelopmentExpenses": 8623000,
    "generalAndAdministrativeExpenses": 0,
    "sellingAndMarketingExpenses": 0,
    "sellingGeneralAndAdministrativeExpenses": 8531000,
    "otherExpenses": 0,
    "operatingExpenses": 17154000,
    "costAndExpenses": 30167000,
    "interestIncome": 435000,
    "interestExpense": 0,
    "depreciationAndAmortization": -96000,
    "ebitda": -476000,
    "ebitdaratio": -0.0160339543,
    "operatingIncome": -380000,
    "operatingIncomeRatio": -0.0128002156,
    "totalOtherIncomeExpensesNet": 331000,
    "incomeBeforeTax": -49000,
    "incomeBeforeTaxRatio": -0.0016505541,
    "incomeTaxExpense": 245000,
    "netIncome": 44000,
    "netIncomeRatio": 0.0014821302,
    "eps": 0.0014,
    "epsdiluted": 0.0014,
    "weightedAverageShsOut": 31736000,
    "weightedAverageShsOutDil": 32522000,
    "link": "https://www.sec.gov/Archives/edgar/data/1095348/000117184312001565/0001171843-12-001565-index.htm",
    "finalLink": "https://www.sec.gov/Archives/edgar/data/1095348/000117184312001565/f20f_043012.htm"
  },
  {
    "date": "2011-12-31",
    "symbol": "OIIM",
    "reportedCurrency": "USD",
    "cik": "0001095348",
    "fillingDate": "2011-12-31",
    "acceptedDate": "2011-12-30 19:00:00",
    "calendarYear": "2011",
    "period": "Q4",
    "revenue": 28666000,
    "costOfRevenue": 12577000,
    "grossProfit": 16089000,
    "grossProfitRatio": 0.5612572385,
    "researchAndDevelopmentExpenses": 8545000,
    "generalAndAdministrativeExpenses": 0,
    "sellingAndMarketingExpenses": 0,
    "sellingGeneralAndAdministrativeExpenses": 7952000,
    "otherExpenses": 0,
    "operatingExpenses": 17347000,
    "costAndExpenses": 29924000,
    "interestIncome": 379000,
    "interestExpense": 0,
    "depreciationAndAmortization": -3265000,
    "ebitda": -3673000,
    "ebitdaratio": -0.1281308868,
    "operatingIncome": -408000,
    "operatingIncomeRatio": -0.0142328891,
    "totalOtherIncomeExpensesNet": 1944000,
    "incomeBeforeTax": 1536000,
    "incomeBeforeTaxRatio": 0.0535826415,
    "incomeTaxExpense": 121000,
    "netIncome": 1464000,
    "netIncomeRatio": 0.0510709551,
    "eps": 0,
    "epsdiluted": 0,
    "weightedAverageShsOut": 0,
    "weightedAverageShsOutDil": 0,
    "link": null,
    "finalLink": null
  },
  {
    "date": "2011-09-30",
    "symbol": "OIIM",
    "reportedCurrency": "USD",
    "cik": "0001095348",
    "fillingDate": "2011-09-30",
    "acceptedDate": "2011-09-29 20:00:00",
    "calendarYear": "2011",
    "period": "Q3",
    "revenue": 32046000,
    "costOfRevenue": 14265000,
    "grossProfit": 17781000,
    "grossProfitRatio": 0.5548586407,
    "researchAndDevelopmentExpenses": 8452000,
    "generalAndAdministrativeExpenses": 0,
    "sellingAndMarketingExpenses": 0,
    "sellingGeneralAndAdministrativeExpenses": 8094000,
    "otherExpenses": 0,
    "operatingExpenses": 16546000,
    "costAndExpenses": 30811000,
    "interestIncome": 320000,
    "interestExpense": 0,
    "depreciationAndAmortization": -195000,
    "ebitda": 1040000,
    "ebitdaratio": 0.0324533483,
    "operatingIncome": 1235000,
    "operatingIncomeRatio": 0.0385383511,
    "totalOtherIncomeExpensesNet": 515000,
    "incomeBeforeTax": 1750000,
    "incomeBeforeTaxRatio": 0.0546089996,
    "incomeTaxExpense": 279000,
    "netIncome": 1435000,
    "netIncomeRatio": 0.0447793796,
    "eps": 0.045,
    "epsdiluted": 0.045,
    "weightedAverageShsOut": 33070000,
    "weightedAverageShsOutDil": 33678000,
    "link": null,
    "finalLink": null
  },
  {
    "date": "2011-06-30",
    "symbol": "OIIM",
    "reportedCurrency": "USD",
    "cik": "0001095348",
    "fillingDate": "2011-06-23",
    "acceptedDate": "2011-06-23 06:00:25",
    "calendarYear": "2011",
    "period": "Q2",
    "revenue": 32495000,
    "costOfRevenue": 13897000,
    "grossProfit": 18598000,
    "grossProfitRatio": 0.5723342053,
    "researchAndDevelopmentExpenses": 8177000,
    "generalAndAdministrativeExpenses": 0,
    "sellingAndMarketingExpenses": 0,
    "sellingGeneralAndAdministrativeExpenses": 7467000,
    "otherExpenses": 0,
    "operatingExpenses": 15644000,
    "costAndExpenses": 29541000,
    "interestIncome": 292000,
    "interestExpense": 0,
    "depreciationAndAmortization": 10000,
    "ebitda": 2964000,
    "ebitdaratio": 0.0912140329,
    "operatingIncome": 2954000,
    "operatingIncomeRatio": 0.0909062933,
    "totalOtherIncomeExpensesNet": 282000,
    "incomeBeforeTax": 3236000,
    "incomeBeforeTaxRatio": 0.0995845515,
    "incomeTaxExpense": 304000,
    "netIncome": 2961000,
    "netIncomeRatio": 0.091121711,
    "eps": 0.09,
    "epsdiluted": 0.09,
    "weightedAverageShsOut": 33392000,
    "weightedAverageShsOutDil": 34114000,
    "link": "https://www.sec.gov/Archives/edgar/data/1095348/000117184311001872/0001171843-11-001872-index.htm",
    "finalLink": "https://www.sec.gov/Archives/edgar/data/1095348/000117184311001872/exh_991.htm"
  },
  {
    "date": "2011-03-31",
    "symbol": "OIIM",
    "reportedCurrency": "USD",
    "cik": "0001095348",
    "fillingDate": "2011-03-31",
    "acceptedDate": "2011-03-30 20:00:00",
    "calendarYear": "2011",
    "period": "Q1",
    "revenue": 31076000,
    "costOfRevenue": 12534000,
    "grossProfit": 18542000,
    "grossProfitRatio": 0.5966662376,
    "researchAndDevelopmentExpenses": 8417000,
    "generalAndAdministrativeExpenses": 0,
    "sellingAndMarketingExpenses": 0,
    "sellingGeneralAndAdministrativeExpenses": 6802000,
    "otherExpenses": 0,
    "operatingExpenses": 15219000,
    "costAndExpenses": 27753000,
    "interestIncome": 271000,
    "interestExpense": 0,
    "depreciationAndAmortization": 56000,
    "ebitda": 3379000,
    "ebitdaratio": 0.1087334277,
    "operatingIncome": 3323000,
    "operatingIncomeRatio": 0.106931394,
    "totalOtherIncomeExpensesNet": 215000,
    "incomeBeforeTax": 3538000,
    "incomeBeforeTaxRatio": 0.1138499163,
    "incomeTaxExpense": 359000,
    "netIncome": 3146000,
    "netIncomeRatio": 0.1012356803,
    "eps": 0.095,
    "epsdiluted": 0.09,
    "weightedAverageShsOut": 33509000,
    "weightedAverageShsOutDil": 34569000,
    "link": null,
    "finalLink": null
  },
  {
    "date": "2010-12-31",
    "symbol": "OIIM",
    "reportedCurrency": "USD",
    "cik": "0001095348",
    "fillingDate": "2011-05-23",
    "acceptedDate": "2011-05-23 06:03:23",
    "calendarYear": "2010",
    "period": "Q4",
    "revenue": 28562000,
    "costOfRevenue": 11385000,
    "grossProfit": 17177000,
    "grossProfitRatio": 0.6013934598,
    "researchAndDevelopmentExpenses": 5637000,
    "generalAndAdministrativeExpenses": 0,
    "sellingAndMarketingExpenses": 0,
    "sellingGeneralAndAdministrativeExpenses": 4883000,
    "otherExpenses": 3724000,
    "operatingExpenses": 10520000,
    "costAndExpenses": 21905000,
    "interestIncome": 195000,
    "interestExpense": 518000,
    "depreciationAndAmortization": -4583000,
    "ebitda": 4258000,
    "ebitdaratio": 0.1490791961,
    "operatingIncome": 8841000,
    "operatingIncomeRatio": 0.3095371473,
    "totalOtherIncomeExpensesNet": 15544000,
    "incomeBeforeTax": 9251000,
    "incomeBeforeTaxRatio": 0.3238918843,
    "incomeTaxExpense": 44000,
    "netIncome": -636000,
    "netIncomeRatio": -0.0222673482,
    "eps": -0.019,
    "epsdiluted": -0.019,
    "weightedAverageShsOut": 33467000,
    "weightedAverageShsOutDil": 33467000,
    "link": "https://www.sec.gov/Archives/edgar/data/1095348/000117184311001579/0001171843-11-001579-index.htm",
    "finalLink": "https://www.sec.gov/Archives/edgar/data/1095348/000117184311001579/f20f_052011.htm"
  },
  {
    "date": "2010-09-30",
    "symbol": "OIIM",
    "reportedCurrency": "USD",
    "cik": "0001095348",
    "fillingDate": "2010-09-09",
    "acceptedDate": "2010-09-09 13:51:34",
    "calendarYear": "2010",
    "period": "Q3",
    "revenue": 34520000,
    "costOfRevenue": 13173000,
    "grossProfit": 21347000,
    "grossProfitRatio": 0.6183951333,
    "researchAndDevelopmentExpenses": 8559000,
    "generalAndAdministrativeExpenses": 0,
    "sellingAndMarketingExpenses": 0,
    "sellingGeneralAndAdministrativeExpenses": 8532000,
    "otherExpenses": 0,
    "operatingExpenses": 17091000,
    "costAndExpenses": 30264000,
    "interestIncome": 245000,
    "interestExpense": 0,
    "depreciationAndAmortization": 4548000,
    "ebitda": 6620000,
    "ebitdaratio": 0.1917728853,
    "operatingIncome": 2072000,
    "operatingIncomeRatio": 0.060023175,
    "totalOtherIncomeExpensesNet": 65000,
    "incomeBeforeTax": 2137000,
    "incomeBeforeTaxRatio": 0.0619061414,
    "incomeTaxExpense": 449000,
    "netIncome": 1688000,
    "netIncomeRatio": 0.0488991889,
    "eps": 0.05,
    "epsdiluted": 0.05,
    "weightedAverageShsOut": 33575760,
    "weightedAverageShsOutDil": 34491100,
    "link": "https://www.sec.gov/Archives/edgar/data/1095348/000117184310001841/0001171843-10-001841-index.htm",
    "finalLink": "https://www.sec.gov/Archives/edgar/data/1095348/000117184310001841/exh_991.htm"
  },
  {
    "date": "2010-06-30",
    "symbol": "OIIM",
    "reportedCurrency": "USD",
    "cik": "0001095348",
    "fillingDate": "2010-06-30",
    "acceptedDate": "2010-06-29 20:00:00",
    "calendarYear": "2010",
    "period": "Q2",
    "revenue": 39854000,
    "costOfRevenue": 15249000,
    "grossProfit": 24605000,
    "grossProfitRatio": 0.6173784313,
    "researchAndDevelopmentExpenses": 8483000,
    "generalAndAdministrativeExpenses": 0,
    "sellingAndMarketingExpenses": 0,
    "sellingGeneralAndAdministrativeExpenses": 8836000,
    "otherExpenses": 0,
    "operatingExpenses": 17319000,
    "costAndExpenses": 32568000,
    "interestIncome": 230000,
    "interestExpense": 0,
    "depreciationAndAmortization": 4000,
    "ebitda": 7290000,
    "ebitdaratio": 0.1829176494,
    "operatingIncome": 7286000,
    "operatingIncomeRatio": 0.1828172831,
    "totalOtherIncomeExpensesNet": 226000,
    "incomeBeforeTax": 7512000,
    "incomeBeforeTaxRatio": 0.1884879811,
    "incomeTaxExpense": 456000,
    "netIncome": 7056000,
    "netIncomeRatio": 0.1770462187,
    "eps": 0.21,
    "epsdiluted": 0.2,
    "weightedAverageShsOut": 33919660,
    "weightedAverageShsOutDil": 34882540,
    "link": null,
    "finalLink": null
  },
  {
    "date": "2010-03-31",
    "symbol": "OIIM",
    "reportedCurrency": "USD",
    "cik": "0001095348",
    "fillingDate": "2010-03-31",
    "acceptedDate": "2010-03-30 20:00:00",
    "calendarYear": "2010",
    "period": "Q1",
    "revenue": 34853000,
    "costOfRevenue": 13398000,
    "grossProfit": 21455000,
    "grossProfitRatio": 0.6155854589,
    "researchAndDevelopmentExpenses": 8376000,
    "generalAndAdministrativeExpenses": 0,
    "sellingAndMarketingExpenses": 0,
    "sellingGeneralAndAdministrativeExpenses": 8836000,
    "otherExpenses": 0,
    "operatingExpenses": 17212000,
    "costAndExpenses": 30610000,
    "interestIncome": 257000,
    "interestExpense": 0,
    "depreciationAndAmortization": 30000,
    "ebitda": 4273000,
    "ebitdaratio": 0.122600637,
    "operatingIncome": 4243000,
    "operatingIncomeRatio": 0.1217398789,
    "totalOtherIncomeExpensesNet": 227000,
    "incomeBeforeTax": 4470000,
    "incomeBeforeTaxRatio": 0.1282529481,
    "incomeTaxExpense": 376000,
    "netIncome": 4094000,
    "netIncomeRatio": 0.1174647807,
    "eps": 0.12,
    "epsdiluted": 0.11,
    "weightedAverageShsOut": 35570740,
    "weightedAverageShsOutDil": 36472400,
    "link": null,
    "finalLink": null
  },
  {
    "date": "2009-12-31",
    "symbol": "OIIM",
    "reportedCurrency": "USD",
    "cik": "0001095348",
    "fillingDate": "2010-05-24",
    "acceptedDate": "2010-05-24 13:42:40",
    "calendarYear": "2009",
    "period": "Q4",
    "revenue": 33119000,
    "costOfRevenue": 13037000,
    "grossProfit": 20082000,
    "grossProfitRatio": 0.6063588876,
    "researchAndDevelopmentExpenses": 8554000,
    "generalAndAdministrativeExpenses": 0,
    "sellingAndMarketingExpenses": 0,
    "sellingGeneralAndAdministrativeExpenses": 10416000,
    "otherExpenses": 0,
    "operatingExpenses": 18970000,
    "costAndExpenses": 32007000,
    "interestIncome": 162000,
    "interestExpense": 1203000,
    "depreciationAndAmortization": -8000,
    "ebitda": 1104000,
    "ebitdaratio": 0.0333343398,
    "operatingIncome": 1112000,
    "operatingIncomeRatio": 0.033575893,
    "totalOtherIncomeExpensesNet": 170000,
    "incomeBeforeTax": 1282000,
    "incomeBeforeTaxRatio": 0.0387088982,
    "incomeTaxExpense": 320000,
    "netIncome": 962000,
    "netIncomeRatio": 0.0290467707,
    "eps": 0.11,
    "epsdiluted": 0.11,
    "weightedAverageShsOut": 0,
    "weightedAverageShsOutDil": 0,
    "link": "https://www.sec.gov/Archives/edgar/data/1095348/000117184310000975/0001171843-10-000975-index.htm",
    "finalLink": "https://www.sec.gov/Archives/edgar/data/1095348/000117184310000975/f20f_052010.htm"
  },
  {
    "date": "2009-09-30",
    "symbol": "OIIM",
    "reportedCurrency": "USD",
    "cik": "0001095348",
    "fillingDate": "2009-09-30",
    "acceptedDate": "2009-09-29 20:00:00",
    "calendarYear": "2009",
    "period": "Q3",
    "revenue": 36664000,
    "costOfRevenue": 14450000,
    "grossProfit": 22214000,
    "grossProfitRatio": 0.6058804277,
    "researchAndDevelopmentExpenses": 8481000,
    "generalAndAdministrativeExpenses": 0,
    "sellingAndMarketingExpenses": 0,
    "sellingGeneralAndAdministrativeExpenses": 13381000,
    "otherExpenses": 0,
    "operatingExpenses": 21862000,
    "costAndExpenses": 36312000,
    "interestIncome": 329000,
    "interestExpense": 0,
    "depreciationAndAmortization": -3000,
    "ebitda": 349000,
    "ebitdaratio": 0.0095188741,
    "operatingIncome": 352000,
    "operatingIncomeRatio": 0.0096006982,
    "totalOtherIncomeExpensesNet": 332000,
    "incomeBeforeTax": 684000,
    "incomeBeforeTaxRatio": 0.0186559022,
    "incomeTaxExpense": 417000,
    "netIncome": 267000,
    "netIncomeRatio": 0.0072823478,
    "eps": 0.005,
    "epsdiluted": 0.005,
    "weightedAverageShsOut": 36997760,
    "weightedAverageShsOutDil": 37694360,
    "link": null,
    "finalLink": null
  },
  {
    "date": "2009-06-30",
    "symbol": "OIIM",
    "reportedCurrency": "USD",
    "cik": "0001095348",
    "fillingDate": "2009-06-30",
    "acceptedDate": "2009-06-29 20:00:00",
    "calendarYear": "2009",
    "period": "Q2",
    "revenue": 34605000,
    "costOfRevenue": 14247000,
    "grossProfit": 20358000,
    "grossProfitRatio": 0.5882964889,
    "researchAndDevelopmentExpenses": 7998000,
    "generalAndAdministrativeExpenses": 0,
    "sellingAndMarketingExpenses": 0,
    "sellingGeneralAndAdministrativeExpenses": 12469000,
    "otherExpenses": 0,
    "operatingExpenses": 20467000,
    "costAndExpenses": 34714000,
    "interestIncome": 384000,
    "interestExpense": 0,
    "depreciationAndAmortization": 433000,
    "ebitda": 324000,
    "ebitdaratio": 0.0093628088,
    "operatingIncome": -109000,
    "operatingIncomeRatio": -0.0031498338,
    "totalOtherIncomeExpensesNet": -49000,
    "incomeBeforeTax": -158000,
    "incomeBeforeTaxRatio": -0.0045658142,
    "incomeTaxExpense": 347000,
    "netIncome": -505000,
    "netIncomeRatio": -0.0145932669,
    "eps": -0.0137,
    "epsdiluted": -0.0137,
    "weightedAverageShsOut": 36927180,
    "weightedAverageShsOutDil": 36927180,
    "link": null,
    "finalLink": null
  },
  {
    "date": "2009-03-31",
    "symbol": "OIIM",
    "reportedCurrency": "USD",
    "cik": "0001095348",
    "fillingDate": "2009-05-08",
    "acceptedDate": "2009-05-07 19:17:36",
    "calendarYear": "2009",
    "period": "Q1",
    "revenue": 23110000,
    "costOfRevenue": 10286000,
    "grossProfit": 12824000,
    "grossProfitRatio": 0.5549112938,
    "researchAndDevelopmentExpenses": 7984000,
    "generalAndAdministrativeExpenses": 0,
    "sellingAndMarketingExpenses": 0,
    "sellingGeneralAndAdministrativeExpenses": 8783000,
    "otherExpenses": 0,
    "operatingExpenses": 16767000,
    "costAndExpenses": 27053000,
    "interestIncome": 444000,
    "interestExpense": 0,
    "depreciationAndAmortization": -476000,
    "ebitda": -4419000,
    "ebitdaratio": -0.1912159238,
    "operatingIncome": -3943000,
    "operatingIncomeRatio": -0.1706187797,
    "totalOtherIncomeExpensesNet": 920000,
    "incomeBeforeTax": -3023000,
    "incomeBeforeTaxRatio": -0.1308091735,
    "incomeTaxExpense": 518000,
    "netIncome": -3541000,
    "netIncomeRatio": -0.1532237127,
    "eps": -0.0963,
    "epsdiluted": -0.0963,
    "weightedAverageShsOut": 36773660,
    "weightedAverageShsOutDil": 36773660,
    "link": "https://www.sec.gov/Archives/edgar/data/1095348/000119312509103761/0001193125-09-103761-index.htm",
    "finalLink": "https://www.sec.gov/Archives/edgar/data/1095348/000119312509103761/dex991.htm"
  },
  {
    "date": "2008-12-31",
    "symbol": "OIIM",
    "reportedCurrency": "USD",
    "cik": "0001095348",
    "fillingDate": "2009-05-12",
    "acceptedDate": "2009-05-12 16:32:51",
    "calendarYear": "2008",
    "period": "Q4",
    "revenue": 22692000,
    "costOfRevenue": 10070000,
    "grossProfit": 12622000,
    "grossProfitRatio": 0.5562312709,
    "researchAndDevelopmentExpenses": 8398000,
    "generalAndAdministrativeExpenses": 0,
    "sellingAndMarketingExpenses": 0,
    "sellingGeneralAndAdministrativeExpenses": 8312000,
    "otherExpenses": 0,
    "operatingExpenses": 13768000,
    "costAndExpenses": 23838000,
    "interestIncome": 0,
    "interestExpense": 0,
    "depreciationAndAmortization": -6456000,
    "ebitda": -13326000,
    "ebitdaratio": -0.5872554204,
    "operatingIncome": -6870000,
    "operatingIncomeRatio": -0.3027498678,
    "totalOtherIncomeExpensesNet": -277000,
    "incomeBeforeTax": -7147000,
    "incomeBeforeTaxRatio": -0.314956813,
    "incomeTaxExpense": 715000,
    "netIncome": -7862000,
    "netIncomeRatio": -0.3464657148,
    "eps": 0,
    "epsdiluted": 0,
    "weightedAverageShsOut": 0,
    "weightedAverageShsOutDil": 0,
    "link": "https://www.sec.gov/Archives/edgar/data/1095348/000119312509108579/0001193125-09-108579-index.htm",
    "finalLink": "https://www.sec.gov/Archives/edgar/data/1095348/000119312509108579/d20f.htm"
  },
  {
    "date": "2008-09-30",
    "symbol": "OIIM",
    "reportedCurrency": "USD",
    "cik": "0001095348",
    "fillingDate": "2008-09-30",
    "acceptedDate": "2008-09-29 20:00:00",
    "calendarYear": "2008",
    "period": "Q3",
    "revenue": 37787000,
    "costOfRevenue": 15383000,
    "grossProfit": 22404000,
    "grossProfitRatio": 0.5929023209,
    "researchAndDevelopmentExpenses": 9813000,
    "generalAndAdministrativeExpenses": 0,
    "sellingAndMarketingExpenses": 0,
    "sellingGeneralAndAdministrativeExpenses": 8930000,
    "otherExpenses": 0,
    "operatingExpenses": 21685000,
    "costAndExpenses": 37068000,
    "interestIncome": 0,
    "interestExpense": 0,
    "depreciationAndAmortization": 16088000,
    "ebitda": 16807000,
    "ebitdaratio": 0.4447825972,
    "operatingIncome": 719000,
    "operatingIncomeRatio": 0.0190277079,
    "totalOtherIncomeExpensesNet": -12599000,
    "incomeBeforeTax": -11880000,
    "incomeBeforeTaxRatio": -0.3143938392,
    "incomeTaxExpense": 689000,
    "netIncome": -12569000,
    "netIncomeRatio": -0.3326276233,
    "eps": -0.34,
    "epsdiluted": -0.34,
    "weightedAverageShsOut": 36901000,
    "weightedAverageShsOutDil": 36974000,
    "link": null,
    "finalLink": null
  },
  {
    "date": "2008-06-30",
    "symbol": "OIIM",
    "reportedCurrency": "USD",
    "cik": "0001095348",
    "fillingDate": "2008-06-30",
    "acceptedDate": "2008-06-29 20:00:00",
    "calendarYear": "2008",
    "period": "Q2",
    "revenue": 40790000,
    "costOfRevenue": 17061000,
    "grossProfit": 23729000,
    "grossProfitRatio": 0.5817357195,
    "researchAndDevelopmentExpenses": 9457000,
    "generalAndAdministrativeExpenses": 0,
    "sellingAndMarketingExpenses": 0,
    "sellingGeneralAndAdministrativeExpenses": 9740000,
    "otherExpenses": 0,
    "operatingExpenses": 19197000,
    "costAndExpenses": 36258000,
    "interestIncome": 0,
    "interestExpense": 0,
    "depreciationAndAmortization": 319000,
    "ebitda": 4851000,
    "ebitdaratio": 0.1189262074,
    "operatingIncome": 4532000,
    "operatingIncomeRatio": 0.1111056632,
    "totalOtherIncomeExpensesNet": 174000,
    "incomeBeforeTax": 4706000,
    "incomeBeforeTaxRatio": 0.1153714146,
    "incomeTaxExpense": 344000,
    "netIncome": 4362000,
    "netIncomeRatio": 0.106937975,
    "eps": 0.12,
    "epsdiluted": 0.12,
    "weightedAverageShsOut": 37584000,
    "weightedAverageShsOutDil": 37795000,
    "link": null,
    "finalLink": null
  },
  {
    "date": "2008-03-31",
    "symbol": "OIIM",
    "reportedCurrency": "USD",
    "cik": "0001095348",
    "fillingDate": "2008-06-19",
    "acceptedDate": "2008-06-19 15:05:39",
    "calendarYear": "2008",
    "period": "Q1",
    "revenue": 37556000,
    "costOfRevenue": 15596000,
    "grossProfit": 21960000,
    "grossProfitRatio": 0.584726808,
    "researchAndDevelopmentExpenses": 9756000,
    "generalAndAdministrativeExpenses": 0,
    "sellingAndMarketingExpenses": 0,
    "sellingGeneralAndAdministrativeExpenses": 8847000,
    "otherExpenses": 0,
    "operatingExpenses": 19777000,
    "costAndExpenses": 35373000,
    "interestIncome": 0,
    "interestExpense": 0,
    "depreciationAndAmortization": 1275000,
    "ebitda": 3458000,
    "ebitdaratio": 0.0920758334,
    "operatingIncome": 2183000,
    "operatingIncomeRatio": 0.058126531,
    "totalOtherIncomeExpensesNet": 569000,
    "incomeBeforeTax": 2752000,
    "incomeBeforeTaxRatio": 0.0732772393,
    "incomeTaxExpense": 492000,
    "netIncome": 2260000,
    "netIncomeRatio": 0.0601768026,
    "eps": 0.06,
    "epsdiluted": 0.06,
    "weightedAverageShsOut": 37887000,
    "weightedAverageShsOutDil": 38073000,
    "link": "https://www.sec.gov/Archives/edgar/data/1095348/000119312508136609/0001193125-08-136609-index.htm",
    "finalLink": "https://www.sec.gov/Archives/edgar/data/1095348/000119312508136609/dex991.txt"
  },
  {
    "date": "2007-12-31",
    "symbol": "OIIM",
    "reportedCurrency": "USD",
    "cik": "0001095348",
    "fillingDate": "2008-06-25",
    "acceptedDate": "2008-06-25 15:54:29",
    "calendarYear": "2007",
    "period": "Q4",
    "revenue": 47173000,
    "costOfRevenue": 19459000,
    "grossProfit": 27714000,
    "grossProfitRatio": 0.5874970852,
    "researchAndDevelopmentExpenses": 9768000,
    "generalAndAdministrativeExpenses": 0,
    "sellingAndMarketingExpenses": 0,
    "sellingGeneralAndAdministrativeExpenses": 8939000,
    "otherExpenses": 0,
    "operatingExpenses": 20255000,
    "costAndExpenses": 39714000,
    "interestIncome": 0,
    "interestExpense": 0,
    "depreciationAndAmortization": 1890000,
    "ebitda": 9349000,
    "ebitdaratio": 0.1981854027,
    "operatingIncome": 7459000,
    "operatingIncomeRatio": 0.1581201111,
    "totalOtherIncomeExpensesNet": 462000,
    "incomeBeforeTax": 7921000,
    "incomeBeforeTaxRatio": 0.167913849,
    "incomeTaxExpense": 191000,
    "netIncome": 7730000,
    "netIncomeRatio": 0.1638649227,
    "eps": 0,
    "epsdiluted": 0,
    "weightedAverageShsOut": 0,
    "weightedAverageShsOutDil": 0,
    "link": "https://www.sec.gov/Archives/edgar/data/1095348/000119312508140198/0001193125-08-140198-index.htm",
    "finalLink": "https://www.sec.gov/Archives/edgar/data/1095348/000119312508140198/d20f.txt"
  }
]