[
  {
    "date": "2022-03-31",
    "symbol": "CCMP",
    "reportedCurrency": "USD",
    "cik": "0001102934",
    "fillingDate": "2022-05-05",
    "acceptedDate": "2022-05-05 08:02:53",
    "calendarYear": "2022",
    "period": "Q2",
    "revenue": 324127000,
    "costOfRevenue": 195904000,
    "grossProfit": 128223000,
    "grossProfitRatio": 0.3955949366,
    "researchAndDevelopmentExpenses": 12337000,
    "generalAndAdministrativeExpenses": 0,
    "sellingAndMarketingExpenses": 0,
    "sellingGeneralAndAdministrativeExpenses": 47111000,
    "otherExpenses": 0,
    "operatingExpenses": 59448000,
    "costAndExpenses": 255352000,
    "interestIncome": 0,
    "interestExpense": 9537000,
    "depreciationAndAmortization": 32762000,
    "ebitda": 87849000,
    "ebitdaratio": 0.2710326508,
    "operatingIncome": 55087000,
    "operatingIncomeRatio": 0.1699549868,
    "totalOtherIncomeExpensesNet": -9537000,
    "incomeBeforeTax": 45550000,
    "incomeBeforeTaxRatio": 0.1405313349,
    "incomeTaxExpense": 10979000,
    "netIncome": 34571000,
    "netIncomeRatio": 0.1066588097,
    "eps": 1.19,
    "epsdiluted": 1.19,
    "weightedAverageShsOut": 28999000,
    "weightedAverageShsOutDil": 28999000,
    "link": "https://www.sec.gov/Archives/edgar/data/1102934/000110293422000013/0001102934-22-000013-index.htm",
    "finalLink": "https://www.sec.gov/Archives/edgar/data/1102934/000110293422000013/ccmp-20220331.htm"
  },
  {
    "date": "2021-12-31",
    "symbol": "CCMP",
    "reportedCurrency": "USD",
    "cik": "0001102934",
    "fillingDate": "2022-02-03",
    "acceptedDate": "2022-02-03 11:21:11",
    "calendarYear": "2022",
    "period": "Q1",
    "revenue": 317046000,
    "costOfRevenue": 191210000,
    "grossProfit": 125836000,
    "grossProfitRatio": 0.396901396,
    "researchAndDevelopmentExpenses": 13328000,
    "generalAndAdministrativeExpenses": 0,
    "sellingAndMarketingExpenses": 0,
    "sellingGeneralAndAdministrativeExpenses": 56483000,
    "otherExpenses": 0,
    "operatingExpenses": 69811000,
    "costAndExpenses": 261021000,
    "interestIncome": 0,
    "interestExpense": 9743000,
    "depreciationAndAmortization": 32702000,
    "ebitda": 73090000,
    "ebitdaratio": 0.2305343704,
    "operatingIncome": 40388000,
    "operatingIncomeRatio": 0.1273884547,
    "totalOtherIncomeExpensesNet": -9743000,
    "incomeBeforeTax": 30645000,
    "incomeBeforeTaxRatio": 0.0966578982,
    "incomeTaxExpense": 3217000,
    "netIncome": 27428000,
    "netIncomeRatio": 0.0865111056,
    "eps": 0.96,
    "epsdiluted": 0.95,
    "weightedAverageShsOut": 28451000,
    "weightedAverageShsOutDil": 28821000,
    "link": "https://www.sec.gov/Archives/edgar/data/1102934/000110293422000005/0001102934-22-000005-index.htm",
    "finalLink": "https://www.sec.gov/Archives/edgar/data/1102934/000110293422000005/ccmp-20211231.htm"
  },
  {
    "date": "2021-09-30",
    "symbol": "CCMP",
    "reportedCurrency": "USD",
    "cik": "0001102934",
    "fillingDate": "2022-01-19",
    "acceptedDate": "2022-01-19 08:59:17",
    "calendarYear": "2021",
    "period": "Q4",
    "revenue": 311924000,
    "costOfRevenue": 189601000,
    "grossProfit": 122323000,
    "grossProfitRatio": 0.3921564227,
    "researchAndDevelopmentExpenses": 15188000,
    "generalAndAdministrativeExpenses": 0,
    "sellingAndMarketingExpenses": 0,
    "sellingGeneralAndAdministrativeExpenses": 58186000,
    "otherExpenses": 0,
    "operatingExpenses": 73374000,
    "costAndExpenses": 262975000,
    "interestIncome": 0,
    "interestExpense": 9693000,
    "depreciationAndAmortization": 34063000,
    "ebitda": 69560000,
    "ebitdaratio": 0.2230030392,
    "operatingIncome": 37215000,
    "operatingIncomeRatio": 0.1193079083,
    "totalOtherIncomeExpensesNet": -11411000,
    "incomeBeforeTax": 25804000,
    "incomeBeforeTaxRatio": 0.0827252792,
    "incomeTaxExpense": 9745000,
    "netIncome": 16059000,
    "netIncomeRatio": 0.0514836947,
    "eps": 0.56,
    "epsdiluted": 0.55,
    "weightedAverageShsOut": 28922000,
    "weightedAverageShsOutDil": 29261000,
    "link": "https://www.sec.gov/Archives/edgar/data/1102934/000114036122001917/0001140361-22-001917-index.htm",
    "finalLink": "https://www.sec.gov/Archives/edgar/data/1102934/000114036122001917/brhc10032871_10ka.htm"
  },
  {
    "date": "2021-06-30",
    "symbol": "CCMP",
    "reportedCurrency": "USD",
    "cik": "0001102934",
    "fillingDate": "2021-08-05",
    "acceptedDate": "2021-08-05 11:39:25",
    "calendarYear": "2021",
    "period": "Q3",
    "revenue": 309516000,
    "costOfRevenue": 180320000,
    "grossProfit": 129196000,
    "grossProfitRatio": 0.4174129932,
    "researchAndDevelopmentExpenses": 13654000,
    "generalAndAdministrativeExpenses": 0,
    "sellingAndMarketingExpenses": 0,
    "sellingGeneralAndAdministrativeExpenses": 56242000,
    "otherExpenses": 0,
    "operatingExpenses": 69896000,
    "costAndExpenses": 250216000,
    "interestIncome": 11000,
    "interestExpense": 9551000,
    "depreciationAndAmortization": 33927000,
    "ebitda": 89721000,
    "ebitdaratio": 0.2898751599,
    "operatingIncome": 56210000,
    "operatingIncomeRatio": 0.1816061205,
    "totalOtherIncomeExpensesNet": -9967000,
    "incomeBeforeTax": 46243000,
    "incomeBeforeTaxRatio": 0.1494042311,
    "incomeTaxExpense": 12601000,
    "netIncome": 33642000,
    "netIncomeRatio": 0.1086922809,
    "eps": 1.15,
    "epsdiluted": 1.13,
    "weightedAverageShsOut": 29260000,
    "weightedAverageShsOutDil": 29682000,
    "link": "https://www.sec.gov/Archives/edgar/data/1102934/000110293421000040/0001102934-21-000040-index.htm",
    "finalLink": "https://www.sec.gov/Archives/edgar/data/1102934/000110293421000040/ccmp-20210630.htm"
  },
  {
    "date": "2021-03-31",
    "symbol": "CCMP",
    "reportedCurrency": "USD",
    "cik": "0001102934",
    "fillingDate": "2021-05-06",
    "acceptedDate": "2021-05-06 12:15:59",
    "calendarYear": "2021",
    "period": "Q2",
    "revenue": 290528000,
    "costOfRevenue": 166782000,
    "grossProfit": 123746000,
    "grossProfitRatio": 0.4259348497,
    "researchAndDevelopmentExpenses": 12925000,
    "generalAndAdministrativeExpenses": 0,
    "sellingAndMarketingExpenses": 0,
    "sellingGeneralAndAdministrativeExpenses": 58538000,
    "otherExpenses": 0,
    "operatingExpenses": 71463000,
    "costAndExpenses": 238245000,
    "interestIncome": 13000,
    "interestExpense": 9508000,
    "depreciationAndAmortization": 32289000,
    "ebitda": -124120000,
    "ebitdaratio": -0.427222161,
    "operatingIncome": -155938000,
    "operatingIncomeRatio": -0.5367400044,
    "totalOtherIncomeExpensesNet": -9979000,
    "incomeBeforeTax": -165917000,
    "incomeBeforeTaxRatio": -0.5710878125,
    "incomeTaxExpense": -16109000,
    "netIncome": -149808000,
    "netIncomeRatio": -0.515640489,
    "eps": -5.13,
    "epsdiluted": -5.13,
    "weightedAverageShsOut": 29210000,
    "weightedAverageShsOutDil": 29210000,
    "link": "https://www.sec.gov/Archives/edgar/data/1102934/000110293421000020/0001102934-21-000020-index.htm",
    "finalLink": "https://www.sec.gov/Archives/edgar/data/1102934/000110293421000020/ccmp-20210331.htm"
  },
  {
    "date": "2020-12-31",
    "symbol": "CCMP",
    "reportedCurrency": "USD",
    "cik": "0001102934",
    "fillingDate": "2021-02-04",
    "acceptedDate": "2021-02-04 12:06:36",
    "calendarYear": "2021",
    "period": "Q1",
    "revenue": 287863000,
    "costOfRevenue": 164959000,
    "grossProfit": 122904000,
    "grossProfitRatio": 0.4269530992,
    "researchAndDevelopmentExpenses": 12428000,
    "generalAndAdministrativeExpenses": 55920000,
    "sellingAndMarketingExpenses": 0,
    "sellingGeneralAndAdministrativeExpenses": 55920000,
    "otherExpenses": 0,
    "operatingExpenses": 68348000,
    "costAndExpenses": 233307000,
    "interestIncome": 23000,
    "interestExpense": 9608000,
    "depreciationAndAmortization": 31891000,
    "ebitda": 80575000,
    "ebitdaratio": 0.279907456,
    "operatingIncome": 47209000,
    "operatingIncomeRatio": 0.1639981519,
    "totalOtherIncomeExpensesNet": -8133000,
    "incomeBeforeTax": 39076000,
    "incomeBeforeTaxRatio": 0.1357451288,
    "incomeTaxExpense": 7546000,
    "netIncome": 31530000,
    "netIncomeRatio": 0.1095312701,
    "eps": 1.08,
    "epsdiluted": 1.07,
    "weightedAverageShsOut": 29123000,
    "weightedAverageShsOutDil": 29598000,
    "link": "https://www.sec.gov/Archives/edgar/data/1102934/000110293421000007/0001102934-21-000007-index.htm",
    "finalLink": "https://www.sec.gov/Archives/edgar/data/1102934/000110293421000007/ccmp-20201231.htm"
  },
  {
    "date": "2020-09-30",
    "symbol": "CCMP",
    "reportedCurrency": "USD",
    "cik": "0001102934",
    "fillingDate": "2020-11-17",
    "acceptedDate": "2020-11-17 10:41:31",
    "calendarYear": "2020",
    "period": "Q4",
    "revenue": 274207000,
    "costOfRevenue": 157144000,
    "grossProfit": 117063000,
    "grossProfitRatio": 0.4269147031,
    "researchAndDevelopmentExpenses": 14105000,
    "generalAndAdministrativeExpenses": 54576000,
    "sellingAndMarketingExpenses": 0,
    "sellingGeneralAndAdministrativeExpenses": 54576000,
    "otherExpenses": 0,
    "operatingExpenses": 68681000,
    "costAndExpenses": 225825000,
    "interestIncome": 81000,
    "interestExpense": 9431000,
    "depreciationAndAmortization": 32221000,
    "ebitda": 78260000,
    "ebitdaratio": 0.2854048219,
    "operatingIncome": 46068000,
    "operatingIncomeRatio": 0.1680044638,
    "totalOtherIncomeExpensesNet": -9460000,
    "incomeBeforeTax": 36608000,
    "incomeBeforeTaxRatio": 0.1335049798,
    "incomeTaxExpense": -247000,
    "netIncome": 36855000,
    "netIncomeRatio": 0.1344057592,
    "eps": 1.27,
    "epsdiluted": 1.25,
    "weightedAverageShsOut": 29082000,
    "weightedAverageShsOutDil": 29520000,
    "link": "https://www.sec.gov/Archives/edgar/data/1102934/000110293420000055/0001102934-20-000055-index.htm",
    "finalLink": "https://www.sec.gov/Archives/edgar/data/1102934/000110293420000055/ccmp-20200930.htm"
  },
  {
    "date": "2020-06-30",
    "symbol": "CCMP",
    "reportedCurrency": "USD",
    "cik": "0001102934",
    "fillingDate": "2020-08-06",
    "acceptedDate": "2020-08-06 12:20:11",
    "calendarYear": "2020",
    "period": "Q3",
    "revenue": 274727000,
    "costOfRevenue": 152973000,
    "grossProfit": 121754000,
    "grossProfitRatio": 0.4431817768,
    "researchAndDevelopmentExpenses": 12165000,
    "generalAndAdministrativeExpenses": 51847000,
    "sellingAndMarketingExpenses": 0,
    "sellingGeneralAndAdministrativeExpenses": 51847000,
    "otherExpenses": 0,
    "operatingExpenses": 64012000,
    "costAndExpenses": 216985000,
    "interestIncome": 131000,
    "interestExpense": 10406000,
    "depreciationAndAmortization": 31324000,
    "ebitda": 88996000,
    "ebitdaratio": 0.3239434056,
    "operatingIncome": 57742000,
    "operatingIncomeRatio": 0.2101795601,
    "totalOtherIncomeExpensesNet": -10476000,
    "incomeBeforeTax": 47266000,
    "incomeBeforeTaxRatio": 0.1720471595,
    "incomeTaxExpense": 12741000,
    "netIncome": 34525000,
    "netIncomeRatio": 0.1256702108,
    "eps": 1.19,
    "epsdiluted": 1.17,
    "weightedAverageShsOut": 29079000,
    "weightedAverageShsOutDil": 29456000,
    "link": "https://www.sec.gov/Archives/edgar/data/1102934/000110293420000041/0001102934-20-000041-index.htm",
    "finalLink": "https://www.sec.gov/Archives/edgar/data/1102934/000110293420000041/ccmp-20200630.htm"
  },
  {
    "date": "2020-03-31",
    "symbol": "CCMP",
    "reportedCurrency": "USD",
    "cik": "0001102934",
    "fillingDate": "2020-05-08",
    "acceptedDate": "2020-05-08 12:38:03",
    "calendarYear": "2020",
    "period": "Q2",
    "revenue": 284193000,
    "costOfRevenue": 163091000,
    "grossProfit": 121102000,
    "grossProfitRatio": 0.4261259074,
    "researchAndDevelopmentExpenses": 13230000,
    "generalAndAdministrativeExpenses": 56209000,
    "sellingAndMarketingExpenses": 0,
    "sellingGeneralAndAdministrativeExpenses": 56209000,
    "otherExpenses": 0,
    "operatingExpenses": 69439000,
    "costAndExpenses": 232530000,
    "interestIncome": 143000,
    "interestExpense": 10753000,
    "depreciationAndAmortization": 32550000,
    "ebitda": 83346000,
    "ebitdaratio": 0.2932725296,
    "operatingIncome": 51663000,
    "operatingIncomeRatio": 0.1817884325,
    "totalOtherIncomeExpensesNet": -11620000,
    "incomeBeforeTax": 40043000,
    "incomeBeforeTaxRatio": 0.1409007259,
    "incomeTaxExpense": 7144000,
    "netIncome": 32899000,
    "netIncomeRatio": 0.1157628795,
    "eps": 1.12,
    "epsdiluted": 1.11,
    "weightedAverageShsOut": 29287000,
    "weightedAverageShsOutDil": 29725000,
    "link": "https://www.sec.gov/Archives/edgar/data/1102934/000110293420000028/0001102934-20-000028-index.html",
    "finalLink": "https://www.sec.gov/Archives/edgar/data/1102934/000110293420000028/ccmp-20200331.htm"
  },
  {
    "date": "2019-12-31",
    "symbol": "CCMP",
    "reportedCurrency": "USD",
    "cik": "0001102934",
    "fillingDate": "2020-02-07",
    "acceptedDate": "2020-02-07 10:49:12",
    "calendarYear": "2020",
    "period": "Q1",
    "revenue": 283143000,
    "costOfRevenue": 154461000,
    "grossProfit": 128682000,
    "grossProfitRatio": 0.4544770664,
    "researchAndDevelopmentExpenses": 12811000,
    "generalAndAdministrativeExpenses": 54439000,
    "sellingAndMarketingExpenses": 0,
    "sellingGeneralAndAdministrativeExpenses": 54439000,
    "otherExpenses": 0,
    "operatingExpenses": 67250000,
    "costAndExpenses": 221711000,
    "interestIncome": 315000,
    "interestExpense": 11920000,
    "depreciationAndAmortization": 31642000,
    "ebitda": 92992000,
    "ebitdaratio": 0.328427685,
    "operatingIncome": 61432000,
    "operatingIncomeRatio": 0.2169645727,
    "totalOtherIncomeExpensesNet": -12002000,
    "incomeBeforeTax": 49430000,
    "incomeBeforeTaxRatio": 0.1745760976,
    "incomeTaxExpense": 10881000,
    "netIncome": 38549000,
    "netIncomeRatio": 0.1361467527,
    "eps": 1.32,
    "epsdiluted": 1.3,
    "weightedAverageShsOut": 29137000,
    "weightedAverageShsOutDil": 29694000,
    "link": "https://www.sec.gov/Archives/edgar/data/1102934/000110293420000005/0001102934-20-000005-index.html",
    "finalLink": "https://www.sec.gov/Archives/edgar/data/1102934/000110293420000005/ccmp-20191231.htm"
  },
  {
    "date": "2019-09-30",
    "symbol": "CCMP",
    "reportedCurrency": "USD",
    "cik": "0001102934",
    "fillingDate": "2019-11-27",
    "acceptedDate": "2019-11-27 15:18:18",
    "calendarYear": "2019",
    "period": "Q4",
    "revenue": 278645000,
    "costOfRevenue": 165535000,
    "grossProfit": 113110000,
    "grossProfitRatio": 0.4059286906,
    "researchAndDevelopmentExpenses": 12698000,
    "generalAndAdministrativeExpenses": 50663000,
    "sellingAndMarketingExpenses": 0,
    "sellingGeneralAndAdministrativeExpenses": 50663000,
    "otherExpenses": 0,
    "operatingExpenses": 63361000,
    "costAndExpenses": 228896000,
    "interestIncome": 342000,
    "interestExpense": 12703000,
    "depreciationAndAmortization": 28116000,
    "ebitda": 9677000,
    "ebitdaratio": 0.0347287768,
    "operatingIncome": -17623000,
    "operatingIncomeRatio": -0.063245348,
    "totalOtherIncomeExpensesNet": -13519000,
    "incomeBeforeTax": -31142000,
    "incomeBeforeTaxRatio": -0.1117622782,
    "incomeTaxExpense": -10899000,
    "netIncome": -20243000,
    "netIncomeRatio": -0.072647993,
    "eps": -0.7,
    "epsdiluted": -0.7,
    "weightedAverageShsOut": 29084000,
    "weightedAverageShsOutDil": 29084000,
    "link": "https://www.sec.gov/Archives/edgar/data/1102934/000110293419000058/0001102934-19-000058-index.html",
    "finalLink": "https://www.sec.gov/Archives/edgar/data/1102934/000110293419000058/ccmp-20190930.htm"
  },
  {
    "date": "2019-06-30",
    "symbol": "CCMP",
    "reportedCurrency": "USD",
    "cik": "0001102934",
    "fillingDate": "2019-08-09",
    "acceptedDate": "2019-08-09 14:37:59",
    "calendarYear": "2019",
    "period": "Q3",
    "revenue": 271882000,
    "costOfRevenue": 156492000,
    "grossProfit": 115390000,
    "grossProfitRatio": 0.4244120611,
    "researchAndDevelopmentExpenses": 12191000,
    "generalAndAdministrativeExpenses": 50959000,
    "sellingAndMarketingExpenses": 0,
    "sellingGeneralAndAdministrativeExpenses": 50959000,
    "otherExpenses": 0,
    "operatingExpenses": 63150000,
    "costAndExpenses": 219642000,
    "interestIncome": 417000,
    "interestExpense": 12757000,
    "depreciationAndAmortization": 26587000,
    "ebitda": 78772000,
    "ebitdaratio": 0.2897286323,
    "operatingIncome": 52240000,
    "operatingIncomeRatio": 0.1921421793,
    "totalOtherIncomeExpensesNet": -12812000,
    "incomeBeforeTax": 39428000,
    "incomeBeforeTaxRatio": 0.1450187949,
    "incomeTaxExpense": 20550000,
    "netIncome": 18878000,
    "netIncomeRatio": 0.0694345341,
    "eps": 0.65,
    "epsdiluted": 0.64,
    "weightedAverageShsOut": 29064000,
    "weightedAverageShsOutDil": 29568000,
    "link": "https://www.sec.gov/Archives/edgar/data/1102934/000110293419000034/0001102934-19-000034-index.html",
    "finalLink": "https://www.sec.gov/Archives/edgar/data/1102934/000110293419000034/ccmp-20190630x10q.htm"
  },
  {
    "date": "2019-03-31",
    "symbol": "CCMP",
    "reportedCurrency": "USD",
    "cik": "0001102934",
    "fillingDate": "2019-05-10",
    "acceptedDate": "2019-05-10 14:13:26",
    "calendarYear": "2019",
    "period": "Q2",
    "revenue": 265391000,
    "costOfRevenue": 150571000,
    "grossProfit": 114820000,
    "grossProfitRatio": 0.4326446639,
    "researchAndDevelopmentExpenses": 12778000,
    "generalAndAdministrativeExpenses": 50328000,
    "sellingAndMarketingExpenses": 0,
    "sellingGeneralAndAdministrativeExpenses": 50328000,
    "otherExpenses": 0,
    "operatingExpenses": 63106000,
    "costAndExpenses": 213677000,
    "interestIncome": 568000,
    "interestExpense": 13331000,
    "depreciationAndAmortization": 27348000,
    "ebitda": 78616000,
    "ebitdaratio": 0.2962270763,
    "operatingIncome": 51714000,
    "operatingIncomeRatio": 0.1948596599,
    "totalOtherIncomeExpensesNet": -13777000,
    "incomeBeforeTax": 37937000,
    "incomeBeforeTaxRatio": 0.1429475755,
    "incomeTaxExpense": 10800000,
    "netIncome": 27137000,
    "netIncomeRatio": 0.1022529023,
    "eps": 0.94,
    "epsdiluted": 0.92,
    "weightedAverageShsOut": 28998000,
    "weightedAverageShsOutDil": 29479000,
    "link": "https://www.sec.gov/Archives/edgar/data/1102934/000110293419000016/0001102934-19-000016-index.html",
    "finalLink": "https://www.sec.gov/Archives/edgar/data/1102934/000110293419000016/form10q.htm"
  },
  {
    "date": "2018-12-31",
    "symbol": "CCMP",
    "reportedCurrency": "USD",
    "cik": "0001102934",
    "fillingDate": "2019-02-11",
    "acceptedDate": "2019-02-11 15:23:44",
    "calendarYear": "2019",
    "period": "Q1",
    "revenue": 221778000,
    "costOfRevenue": 122445000,
    "grossProfit": 99333000,
    "grossProfitRatio": 0.4478938398,
    "researchAndDevelopmentExpenses": 14040000,
    "generalAndAdministrativeExpenses": 61128000,
    "sellingAndMarketingExpenses": 0,
    "sellingGeneralAndAdministrativeExpenses": 61128000,
    "otherExpenses": 0,
    "operatingExpenses": 75168000,
    "costAndExpenses": 197613000,
    "interestIncome": 1019000,
    "interestExpense": 6890000,
    "depreciationAndAmortization": 16541000,
    "ebitda": 40314000,
    "ebitdaratio": 0.181776371,
    "operatingIncome": 24165000,
    "operatingIncomeRatio": 0.1089603117,
    "totalOtherIncomeExpensesNet": -7282000,
    "incomeBeforeTax": 16883000,
    "incomeBeforeTaxRatio": 0.0761256752,
    "incomeTaxExpense": 3440000,
    "netIncome": 13443000,
    "netIncomeRatio": 0.0606146687,
    "eps": 0.5,
    "epsdiluted": 0.48,
    "weightedAverageShsOut": 27157000,
    "weightedAverageShsOutDil": 27762000,
    "link": "https://www.sec.gov/Archives/edgar/data/1102934/000110293419000008/0001102934-19-000008-index.html",
    "finalLink": "https://www.sec.gov/Archives/edgar/data/1102934/000110293419000008/form10q.htm"
  },
  {
    "date": "2018-09-30",
    "symbol": "CCMP",
    "reportedCurrency": "USD",
    "cik": "0001102934",
    "fillingDate": "2018-11-13",
    "acceptedDate": "2018-11-13 14:34:32",
    "calendarYear": "2018",
    "period": "Q4",
    "revenue": 156729000,
    "costOfRevenue": 72383000,
    "grossProfit": 84346000,
    "grossProfitRatio": 0.5381646026,
    "researchAndDevelopmentExpenses": 13372000,
    "generalAndAdministrativeExpenses": 20775000,
    "sellingAndMarketingExpenses": 6211000,
    "sellingGeneralAndAdministrativeExpenses": 26986000,
    "otherExpenses": 0,
    "operatingExpenses": 40358000,
    "costAndExpenses": 112741000,
    "interestIncome": 1161000,
    "interestExpense": 102000,
    "depreciationAndAmortization": 6349000,
    "ebitda": 51474000,
    "ebitdaratio": 0.3284267749,
    "operatingIncome": 43988000,
    "operatingIncomeRatio": 0.2806628001,
    "totalOtherIncomeExpensesNet": 1035000,
    "incomeBeforeTax": 45023000,
    "incomeBeforeTaxRatio": 0.2872665556,
    "incomeTaxExpense": -3195000,
    "netIncome": 48218000,
    "netIncomeRatio": 0.3076520618,
    "eps": 1.89,
    "epsdiluted": 1.84,
    "weightedAverageShsOut": 25515000,
    "weightedAverageShsOutDil": 26215000,
    "link": "https://www.sec.gov/Archives/edgar/data/1102934/000110293418000028/0001102934-18-000028-index.html",
    "finalLink": "https://www.sec.gov/Archives/edgar/data/1102934/000110293418000028/form10k.htm"
  },
  {
    "date": "2018-06-30",
    "symbol": "CCMP",
    "reportedCurrency": "USD",
    "cik": "0001102934",
    "fillingDate": "2018-08-06",
    "acceptedDate": "2018-08-06 13:49:23",
    "calendarYear": "2018",
    "period": "Q3",
    "revenue": 150437000,
    "costOfRevenue": 69737000,
    "grossProfit": 80700000,
    "grossProfitRatio": 0.5364371797,
    "researchAndDevelopmentExpenses": 13059000,
    "generalAndAdministrativeExpenses": 19504000,
    "sellingAndMarketingExpenses": 6207000,
    "sellingGeneralAndAdministrativeExpenses": 25711000,
    "otherExpenses": 0,
    "operatingExpenses": 38770000,
    "costAndExpenses": 108507000,
    "interestIncome": 1141000,
    "interestExpense": 513000,
    "depreciationAndAmortization": 6404000,
    "ebitda": 49961000,
    "ebitdaratio": 0.3321057984,
    "operatingIncome": 41930000,
    "operatingIncomeRatio": 0.2787213252,
    "totalOtherIncomeExpensesNet": 1114000,
    "incomeBeforeTax": 43044000,
    "incomeBeforeTaxRatio": 0.2861264184,
    "incomeTaxExpense": 7873000,
    "netIncome": 35171000,
    "netIncomeRatio": 0.2337922187,
    "eps": 1.37,
    "epsdiluted": 1.34,
    "weightedAverageShsOut": 25612000,
    "weightedAverageShsOutDil": 26319000,
    "link": "https://www.sec.gov/Archives/edgar/data/1102934/000110293418000021/0001102934-18-000021-index.html",
    "finalLink": "https://www.sec.gov/Archives/edgar/data/1102934/000110293418000021/form10q.htm"
  },
  {
    "date": "2018-03-31",
    "symbol": "CCMP",
    "reportedCurrency": "USD",
    "cik": "0001102934",
    "fillingDate": "2018-05-07",
    "acceptedDate": "2018-05-07 09:47:00",
    "calendarYear": "2018",
    "period": "Q2",
    "revenue": 142978000,
    "costOfRevenue": 67933000,
    "grossProfit": 75045000,
    "grossProfitRatio": 0.5248709592,
    "researchAndDevelopmentExpenses": 13368000,
    "generalAndAdministrativeExpenses": 17799000,
    "sellingAndMarketingExpenses": 6790000,
    "sellingGeneralAndAdministrativeExpenses": 24589000,
    "otherExpenses": 0,
    "operatingExpenses": 37957000,
    "costAndExpenses": 105890000,
    "interestIncome": 1156000,
    "interestExpense": 1158000,
    "depreciationAndAmortization": 6631000,
    "ebitda": 44781000,
    "ebitdaratio": 0.3132020311,
    "operatingIncome": 37088000,
    "operatingIncomeRatio": 0.2593965505,
    "totalOtherIncomeExpensesNet": -96000,
    "incomeBeforeTax": 36992000,
    "incomeBeforeTaxRatio": 0.2587251185,
    "incomeTaxExpense": 7255000,
    "netIncome": 29737000,
    "netIncomeRatio": 0.2079830463,
    "eps": 1.16,
    "epsdiluted": 1.14,
    "weightedAverageShsOut": 25593000,
    "weightedAverageShsOutDil": 26161000,
    "link": "https://www.sec.gov/Archives/edgar/data/1102934/000110293418000014/0001102934-18-000014-index.html",
    "finalLink": "https://www.sec.gov/Archives/edgar/data/1102934/000110293418000014/form10q.htm"
  },
  {
    "date": "2017-12-31",
    "symbol": "CCMP",
    "reportedCurrency": "USD",
    "cik": "0001102934",
    "fillingDate": "2018-02-07",
    "acceptedDate": "2018-02-07 12:07:39",
    "calendarYear": "2018",
    "period": "Q1",
    "revenue": 139979000,
    "costOfRevenue": 65965000,
    "grossProfit": 74014000,
    "grossProfitRatio": 0.5287507412,
    "researchAndDevelopmentExpenses": 12151000,
    "generalAndAdministrativeExpenses": 18915000,
    "sellingAndMarketingExpenses": 5836000,
    "sellingGeneralAndAdministrativeExpenses": 24751000,
    "otherExpenses": 0,
    "operatingExpenses": 36902000,
    "costAndExpenses": 102867000,
    "interestIncome": 951000,
    "interestExpense": 1132000,
    "depreciationAndAmortization": 6492000,
    "ebitda": 44276000,
    "ebitdaratio": 0.3163045885,
    "operatingIncome": 37112000,
    "operatingIncomeRatio": 0.2651254831,
    "totalOtherIncomeExpensesNet": -460000,
    "incomeBeforeTax": 36652000,
    "incomeBeforeTaxRatio": 0.2618392759,
    "incomeTaxExpense": 39735000,
    "netIncome": -3083000,
    "netIncomeRatio": -0.0220247323,
    "eps": -0.12,
    "epsdiluted": -0.12,
    "weightedAverageShsOut": 25326000,
    "weightedAverageShsOutDil": 25326000,
    "link": "https://www.sec.gov/Archives/edgar/data/1102934/000110293418000004/0001102934-18-000004-index.html",
    "finalLink": "https://www.sec.gov/Archives/edgar/data/1102934/000110293418000004/form10q.htm"
  },
  {
    "date": "2017-09-30",
    "symbol": "CCMP",
    "reportedCurrency": "USD",
    "cik": "0001102934",
    "fillingDate": "2017-11-15",
    "acceptedDate": "2017-11-15 12:01:23",
    "calendarYear": "2017",
    "period": "Q4",
    "revenue": 136784000,
    "costOfRevenue": 66734000,
    "grossProfit": 70050000,
    "grossProfitRatio": 0.5121213007,
    "researchAndDevelopmentExpenses": 13839000,
    "generalAndAdministrativeExpenses": 14489000,
    "sellingAndMarketingExpenses": 8680000,
    "sellingGeneralAndAdministrativeExpenses": 23169000,
    "otherExpenses": 0,
    "operatingExpenses": 37008000,
    "costAndExpenses": 103742000,
    "interestIncome": 755000,
    "interestExpense": 1127000,
    "depreciationAndAmortization": 6400000,
    "ebitda": 40240000,
    "ebitdaratio": 0.2941864546,
    "operatingIncome": 33042000,
    "operatingIncomeRatio": 0.2415633407,
    "totalOtherIncomeExpensesNet": -329000,
    "incomeBeforeTax": 32713000,
    "incomeBeforeTaxRatio": 0.2391580887,
    "incomeTaxExpense": 6211000,
    "netIncome": 26502000,
    "netIncomeRatio": 0.1937507311,
    "eps": 1.05,
    "epsdiluted": 1.03,
    "weightedAverageShsOut": 25236000,
    "weightedAverageShsOutDil": 25710000,
    "link": "https://www.sec.gov/Archives/edgar/data/1102934/000110293417000028/0001102934-17-000028-index.html",
    "finalLink": "https://www.sec.gov/Archives/edgar/data/1102934/000110293417000028/form10k.htm"
  },
  {
    "date": "2017-06-30",
    "symbol": "CCMP",
    "reportedCurrency": "USD",
    "cik": "0001102934",
    "fillingDate": "2017-08-07",
    "acceptedDate": "2017-08-07 10:44:07",
    "calendarYear": "2017",
    "period": "Q3",
    "revenue": 127957000,
    "costOfRevenue": 65414000,
    "grossProfit": 62543000,
    "grossProfitRatio": 0.4887813875,
    "researchAndDevelopmentExpenses": 14333000,
    "generalAndAdministrativeExpenses": 13953000,
    "sellingAndMarketingExpenses": 7346000,
    "sellingGeneralAndAdministrativeExpenses": 21299000,
    "otherExpenses": 0,
    "operatingExpenses": 35632000,
    "costAndExpenses": 101046000,
    "interestIncome": 659000,
    "interestExpense": 1117000,
    "depreciationAndAmortization": 6316000,
    "ebitda": 33112000,
    "ebitdaratio": 0.258774432,
    "operatingIncome": 26911000,
    "operatingIncomeRatio": 0.2103128395,
    "totalOtherIncomeExpensesNet": -1232000,
    "incomeBeforeTax": 25679000,
    "incomeBeforeTaxRatio": 0.200684605,
    "incomeTaxExpense": 5740000,
    "netIncome": 19939000,
    "netIncomeRatio": 0.1558257852,
    "eps": 0.79,
    "epsdiluted": 0.78,
    "weightedAverageShsOut": 25228000,
    "weightedAverageShsOutDil": 25721000,
    "link": "https://www.sec.gov/Archives/edgar/data/1102934/000110293417000021/0001102934-17-000021-index.html",
    "finalLink": "https://www.sec.gov/Archives/edgar/data/1102934/000110293417000021/form10q.htm"
  },
  {
    "date": "2017-03-31",
    "symbol": "CCMP",
    "reportedCurrency": "USD",
    "cik": "0001102934",
    "fillingDate": "2017-05-05",
    "acceptedDate": "2017-05-05 09:34:35",
    "calendarYear": "2017",
    "period": "Q2",
    "revenue": 119184000,
    "costOfRevenue": 59153000,
    "grossProfit": 60031000,
    "grossProfitRatio": 0.5036833803,
    "researchAndDevelopmentExpenses": 14090000,
    "generalAndAdministrativeExpenses": 14699000,
    "sellingAndMarketingExpenses": 7268000,
    "sellingGeneralAndAdministrativeExpenses": 21967000,
    "otherExpenses": 0,
    "operatingExpenses": 36057000,
    "costAndExpenses": 95210000,
    "interestIncome": 516000,
    "interestExpense": 1135000,
    "depreciationAndAmortization": 6518000,
    "ebitda": 30726000,
    "ebitdaratio": 0.2578030608,
    "operatingIncome": 23974000,
    "operatingIncomeRatio": 0.2011511612,
    "totalOtherIncomeExpensesNet": -901000,
    "incomeBeforeTax": 23073000,
    "incomeBeforeTaxRatio": 0.1935914217,
    "incomeTaxExpense": 4793000,
    "netIncome": 18280000,
    "netIncomeRatio": 0.1533762921,
    "eps": 0.73,
    "epsdiluted": 0.72,
    "weightedAverageShsOut": 25031000,
    "weightedAverageShsOutDil": 25526000,
    "link": "https://www.sec.gov/Archives/edgar/data/1102934/000110293417000010/0001102934-17-000010-index.html",
    "finalLink": "https://www.sec.gov/Archives/edgar/data/1102934/000110293417000010/form10q.htm"
  },
  {
    "date": "2016-12-31",
    "symbol": "CCMP",
    "reportedCurrency": "USD",
    "cik": "0001102934",
    "fillingDate": "2017-02-07",
    "acceptedDate": "2017-02-07 11:37:10",
    "calendarYear": "2017",
    "period": "Q1",
    "revenue": 123254000,
    "costOfRevenue": 61749000,
    "grossProfit": 61505000,
    "grossProfitRatio": 0.4990101741,
    "researchAndDevelopmentExpenses": 13396000,
    "generalAndAdministrativeExpenses": 12496000,
    "sellingAndMarketingExpenses": 7552000,
    "sellingGeneralAndAdministrativeExpenses": 20048000,
    "otherExpenses": 0,
    "operatingExpenses": 33444000,
    "costAndExpenses": 95193000,
    "interestIncome": 421000,
    "interestExpense": 1150000,
    "depreciationAndAmortization": 6696000,
    "ebitda": 35753000,
    "ebitdaratio": 0.2900757785,
    "operatingIncome": 28061000,
    "operatingIncomeRatio": 0.2276680676,
    "totalOtherIncomeExpensesNet": -154000,
    "incomeBeforeTax": 27907000,
    "incomeBeforeTaxRatio": 0.2264186152,
    "incomeTaxExpense": 5676000,
    "netIncome": 22231000,
    "netIncomeRatio": 0.1803673714,
    "eps": 0.9,
    "epsdiluted": 0.89,
    "weightedAverageShsOut": 24583000,
    "weightedAverageShsOutDil": 25072000,
    "link": "https://www.sec.gov/Archives/edgar/data/1102934/000110293417000004/0001102934-17-000004-index.html",
    "finalLink": "https://www.sec.gov/Archives/edgar/data/1102934/000110293417000004/form10q.htm"
  },
  {
    "date": "2016-09-30",
    "symbol": "CCMP",
    "reportedCurrency": "USD",
    "cik": "0001102934",
    "fillingDate": "2016-11-16",
    "acceptedDate": "2016-11-16 14:05:06",
    "calendarYear": "2016",
    "period": "Q4",
    "revenue": 122684000,
    "costOfRevenue": 61598000,
    "grossProfit": 61086000,
    "grossProfitRatio": 0.4979133383,
    "researchAndDevelopmentExpenses": 15842000,
    "generalAndAdministrativeExpenses": 11454000,
    "sellingAndMarketingExpenses": 8057000,
    "sellingGeneralAndAdministrativeExpenses": 19511000,
    "otherExpenses": 0,
    "operatingExpenses": 35353000,
    "costAndExpenses": 96951000,
    "interestIncome": 295000,
    "interestExpense": 1187000,
    "depreciationAndAmortization": 6941000,
    "ebitda": 32931000,
    "ebitdaratio": 0.26842131,
    "operatingIncome": 25733000,
    "operatingIncomeRatio": 0.2097502527,
    "totalOtherIncomeExpensesNet": -930000,
    "incomeBeforeTax": 24803000,
    "incomeBeforeTaxRatio": 0.2021698021,
    "incomeTaxExpense": 4096000,
    "netIncome": 20707000,
    "netIncomeRatio": 0.1687832154,
    "eps": 0.85,
    "epsdiluted": 0.84,
    "weightedAverageShsOut": 24234000,
    "weightedAverageShsOutDil": 24678000,
    "link": "https://www.sec.gov/Archives/edgar/data/1102934/000110293416000064/0001102934-16-000064-index.html",
    "finalLink": "https://www.sec.gov/Archives/edgar/data/1102934/000110293416000064/form10k.htm"
  },
  {
    "date": "2016-06-30",
    "symbol": "CCMP",
    "reportedCurrency": "USD",
    "cik": "0001102934",
    "fillingDate": "2016-08-05",
    "acceptedDate": "2016-08-05 08:57:09",
    "calendarYear": "2016",
    "period": "Q3",
    "revenue": 108152000,
    "costOfRevenue": 56127000,
    "grossProfit": 52025000,
    "grossProfitRatio": 0.4810359494,
    "researchAndDevelopmentExpenses": 12928000,
    "generalAndAdministrativeExpenses": 10738000,
    "sellingAndMarketingExpenses": 6243000,
    "sellingGeneralAndAdministrativeExpenses": 16981000,
    "otherExpenses": 0,
    "operatingExpenses": 29909000,
    "costAndExpenses": 86036000,
    "interestIncome": 267000,
    "interestExpense": 1178000,
    "depreciationAndAmortization": 6595000,
    "ebitda": 28465000,
    "ebitdaratio": 0.2631943931,
    "operatingIncome": 22116000,
    "operatingIncomeRatio": 0.2044899771,
    "totalOtherIncomeExpensesNet": -1424000,
    "incomeBeforeTax": 20692000,
    "incomeBeforeTaxRatio": 0.1913233227,
    "incomeTaxExpense": 1990000,
    "netIncome": 18702000,
    "netIncomeRatio": 0.1729232931,
    "eps": 0.78,
    "epsdiluted": 0.77,
    "weightedAverageShsOut": 23929000,
    "weightedAverageShsOutDil": 24325000,
    "link": "https://www.sec.gov/Archives/edgar/data/1102934/000110293416000054/0001102934-16-000054-index.html",
    "finalLink": "https://www.sec.gov/Archives/edgar/data/1102934/000110293416000054/form10q.htm"
  },
  {
    "date": "2016-03-31",
    "symbol": "CCMP",
    "reportedCurrency": "USD",
    "cik": "0001102934",
    "fillingDate": "2016-05-06",
    "acceptedDate": "2016-05-06 11:10:25",
    "calendarYear": "2016",
    "period": "Q2",
    "revenue": 99244000,
    "costOfRevenue": 52348000,
    "grossProfit": 46896000,
    "grossProfitRatio": 0.4725323445,
    "researchAndDevelopmentExpenses": 14934000,
    "generalAndAdministrativeExpenses": 12990000,
    "sellingAndMarketingExpenses": 6668000,
    "sellingGeneralAndAdministrativeExpenses": 19658000,
    "otherExpenses": 0,
    "operatingExpenses": 34592000,
    "costAndExpenses": 86940000,
    "interestIncome": 178000,
    "interestExpense": 1191000,
    "depreciationAndAmortization": 6462000,
    "ebitda": 19218000,
    "ebitdaratio": 0.1936439482,
    "operatingIncome": 12304000,
    "operatingIncomeRatio": 0.1239772681,
    "totalOtherIncomeExpensesNet": -739000,
    "incomeBeforeTax": 11565000,
    "incomeBeforeTaxRatio": 0.1165309742,
    "incomeTaxExpense": 2434000,
    "netIncome": 9131000,
    "netIncomeRatio": 0.092005562,
    "eps": 0.38,
    "epsdiluted": 0.37,
    "weightedAverageShsOut": 24061000,
    "weightedAverageShsOutDil": 24408000,
    "link": "https://www.sec.gov/Archives/edgar/data/1102934/000110293416000048/0001102934-16-000048-index.html",
    "finalLink": "https://www.sec.gov/Archives/edgar/data/1102934/000110293416000048/form10q.htm"
  },
  {
    "date": "2015-12-31",
    "symbol": "CCMP",
    "reportedCurrency": "USD",
    "cik": "0001102934",
    "fillingDate": "2016-02-08",
    "acceptedDate": "2016-02-08 11:03:26",
    "calendarYear": "2016",
    "period": "Q1",
    "revenue": 100369000,
    "costOfRevenue": 50174000,
    "grossProfit": 50195000,
    "grossProfitRatio": 0.500104614,
    "researchAndDevelopmentExpenses": 14828000,
    "generalAndAdministrativeExpenses": 14263000,
    "sellingAndMarketingExpenses": 6749000,
    "sellingGeneralAndAdministrativeExpenses": 21012000,
    "otherExpenses": 0,
    "operatingExpenses": 35840000,
    "costAndExpenses": 86014000,
    "interestIncome": 209000,
    "interestExpense": 1167000,
    "depreciationAndAmortization": 6033000,
    "ebitda": 20578000,
    "ebitdaratio": 0.2050234634,
    "operatingIncome": 14355000,
    "operatingIncomeRatio": 0.1430222479,
    "totalOtherIncomeExpensesNet": -977000,
    "incomeBeforeTax": 13378000,
    "incomeBeforeTaxRatio": 0.1332881667,
    "incomeTaxExpense": 2069000,
    "netIncome": 11309000,
    "netIncomeRatio": 0.1126742321,
    "eps": 0.47,
    "epsdiluted": 0.46,
    "weightedAverageShsOut": 24142000,
    "weightedAverageShsOutDil": 24549000,
    "link": "https://www.sec.gov/Archives/edgar/data/1102934/000110293416000042/0001102934-16-000042-index.html",
    "finalLink": "https://www.sec.gov/Archives/edgar/data/1102934/000110293416000042/form10q.htm"
  },
  {
    "date": "2015-09-30",
    "symbol": "CCMP",
    "reportedCurrency": "USD",
    "cik": "0001102934",
    "fillingDate": "2015-11-18",
    "acceptedDate": "2015-11-18 11:47:12",
    "calendarYear": "2015",
    "period": "Q4",
    "revenue": 100137000,
    "costOfRevenue": 48115000,
    "grossProfit": 52022000,
    "grossProfitRatio": 0.5195082737,
    "researchAndDevelopmentExpenses": 14856000,
    "generalAndAdministrativeExpenses": 13553000,
    "sellingAndMarketingExpenses": 5763000,
    "sellingGeneralAndAdministrativeExpenses": 19316000,
    "otherExpenses": 0,
    "operatingExpenses": 34172000,
    "costAndExpenses": 82287000,
    "interestIncome": 86000,
    "interestExpense": 1494000,
    "depreciationAndAmortization": 4772000,
    "ebitda": 22738000,
    "ebitdaratio": 0.2270689156,
    "operatingIncome": 17850000,
    "operatingIncomeRatio": 0.1782557896,
    "totalOtherIncomeExpensesNet": -1378000,
    "incomeBeforeTax": 16472000,
    "incomeBeforeTaxRatio": 0.1644946423,
    "incomeTaxExpense": 3939000,
    "netIncome": 12533000,
    "netIncomeRatio": 0.1251585328,
    "eps": 0.52,
    "epsdiluted": 0.51,
    "weightedAverageShsOut": 24144000,
    "weightedAverageShsOutDil": 24583000,
    "link": "https://www.sec.gov/Archives/edgar/data/1102934/000110293415000033/0001102934-15-000033-index.html",
    "finalLink": "https://www.sec.gov/Archives/edgar/data/1102934/000110293415000033/form10k.htm"
  },
  {
    "date": "2015-06-30",
    "symbol": "CCMP",
    "reportedCurrency": "USD",
    "cik": "0001102934",
    "fillingDate": "2015-08-07",
    "acceptedDate": "2015-08-07 10:06:31",
    "calendarYear": "2015",
    "period": "Q3",
    "revenue": 97168000,
    "costOfRevenue": 48609000,
    "grossProfit": 48559000,
    "grossProfitRatio": 0.4997427137,
    "researchAndDevelopmentExpenses": 14773000,
    "generalAndAdministrativeExpenses": 12830000,
    "sellingAndMarketingExpenses": 5804000,
    "sellingGeneralAndAdministrativeExpenses": 18634000,
    "otherExpenses": 0,
    "operatingExpenses": 33407000,
    "costAndExpenses": 82016000,
    "interestIncome": 131000,
    "interestExpense": 1065000,
    "depreciationAndAmortization": 4644000,
    "ebitda": 19636000,
    "ebitdaratio": 0.2020829903,
    "operatingIncome": 15152000,
    "operatingIncomeRatio": 0.1559361107,
    "totalOtherIncomeExpensesNet": -1225000,
    "incomeBeforeTax": 13927000,
    "incomeBeforeTaxRatio": 0.1433290795,
    "incomeTaxExpense": 4041000,
    "netIncome": 9886000,
    "netIncomeRatio": 0.101741314,
    "eps": 0.41,
    "epsdiluted": 0.4,
    "weightedAverageShsOut": 24333000,
    "weightedAverageShsOutDil": 24813000,
    "link": "https://www.sec.gov/Archives/edgar/data/1102934/000110293415000021/0001102934-15-000021-index.html",
    "finalLink": "https://www.sec.gov/Archives/edgar/data/1102934/000110293415000021/form10q.htm"
  },
  {
    "date": "2015-03-31",
    "symbol": "CCMP",
    "reportedCurrency": "USD",
    "cik": "0001102934",
    "fillingDate": "2015-05-08",
    "acceptedDate": "2015-05-08 11:33:16",
    "calendarYear": "2015",
    "period": "Q2",
    "revenue": 104858000,
    "costOfRevenue": 50182000,
    "grossProfit": 54676000,
    "grossProfitRatio": 0.5214289801,
    "researchAndDevelopmentExpenses": 15131000,
    "generalAndAdministrativeExpenses": 14296000,
    "sellingAndMarketingExpenses": 5777000,
    "sellingGeneralAndAdministrativeExpenses": 20073000,
    "otherExpenses": 0,
    "operatingExpenses": 35204000,
    "costAndExpenses": 85386000,
    "interestIncome": 45000,
    "interestExpense": 1059000,
    "depreciationAndAmortization": 4572000,
    "ebitda": 23712000,
    "ebitdaratio": 0.2261343913,
    "operatingIncome": 19472000,
    "operatingIncomeRatio": 0.1856987545,
    "totalOtherIncomeExpensesNet": -1391000,
    "incomeBeforeTax": 18081000,
    "incomeBeforeTaxRatio": 0.1724331954,
    "incomeTaxExpense": 4270000,
    "netIncome": 13811000,
    "netIncomeRatio": 0.1317114574,
    "eps": 0.57,
    "epsdiluted": 0.56,
    "weightedAverageShsOut": 24057000,
    "weightedAverageShsOutDil": 24693000,
    "link": "https://www.sec.gov/Archives/edgar/data/1102934/000110293415000014/0001102934-15-000014-index.html",
    "finalLink": "https://www.sec.gov/Archives/edgar/data/1102934/000110293415000014/form10q.htm"
  },
  {
    "date": "2014-12-31",
    "symbol": "CCMP",
    "reportedCurrency": "USD",
    "cik": "0001102934",
    "fillingDate": "2015-02-06",
    "acceptedDate": "2015-02-06 11:24:53",
    "calendarYear": "2015",
    "period": "Q1",
    "revenue": 111934000,
    "costOfRevenue": 54960000,
    "grossProfit": 56974000,
    "grossProfitRatio": 0.5089963729,
    "researchAndDevelopmentExpenses": 15018000,
    "generalAndAdministrativeExpenses": 11751000,
    "sellingAndMarketingExpenses": 7639000,
    "sellingGeneralAndAdministrativeExpenses": 19390000,
    "otherExpenses": 0,
    "operatingExpenses": 34408000,
    "costAndExpenses": 89368000,
    "interestIncome": 103000,
    "interestExpense": 906000,
    "depreciationAndAmortization": 4731000,
    "ebitda": 28354000,
    "ebitdaratio": 0.2533099862,
    "operatingIncome": 22566000,
    "operatingIncomeRatio": 0.2016009434,
    "totalOtherIncomeExpensesNet": 151000,
    "incomeBeforeTax": 22717000,
    "incomeBeforeTaxRatio": 0.2029499527,
    "incomeTaxExpense": 2801000,
    "netIncome": 19916000,
    "netIncomeRatio": 0.177926278,
    "eps": 0.84,
    "epsdiluted": 0.81,
    "weightedAverageShsOut": 23651000,
    "weightedAverageShsOutDil": 24486000,
    "link": "https://www.sec.gov/Archives/edgar/data/1102934/000110293414000027/form10k.htm",
    "finalLink": "https://www.sec.gov/Archives/edgar/data/1102934/000110293414000027/form10k.htm"
  },
  {
    "date": "2014-09-30",
    "symbol": "CCMP",
    "reportedCurrency": "USD",
    "cik": "0001102934",
    "fillingDate": "2014-11-19",
    "acceptedDate": "2014-11-19 09:51:36",
    "calendarYear": "2014",
    "period": "Q4",
    "revenue": 116337000,
    "costOfRevenue": 59209000,
    "grossProfit": 57128000,
    "grossProfitRatio": 0.4910561558,
    "researchAndDevelopmentExpenses": 15051000,
    "generalAndAdministrativeExpenses": 12236000,
    "sellingAndMarketingExpenses": 6846000,
    "sellingGeneralAndAdministrativeExpenses": 19082000,
    "otherExpenses": 0,
    "operatingExpenses": 34133000,
    "costAndExpenses": 93342000,
    "interestIncome": 24000,
    "interestExpense": 807000,
    "depreciationAndAmortization": 5004000,
    "ebitda": 27551000,
    "ebitdaratio": 0.236820616,
    "operatingIncome": 22995000,
    "operatingIncomeRatio": 0.1976585265,
    "totalOtherIncomeExpensesNet": -1255000,
    "incomeBeforeTax": 21740000,
    "incomeBeforeTaxRatio": 0.1868709009,
    "incomeTaxExpense": 5694000,
    "netIncome": 16046000,
    "netIncomeRatio": 0.1379268848,
    "eps": 0.68,
    "epsdiluted": 0.66,
    "weightedAverageShsOut": 23500000,
    "weightedAverageShsOutDil": 24334000,
    "link": "https://www.sec.gov/Archives/edgar/data/1102934/000110293414000027/0001102934-14-000027-index.html",
    "finalLink": "https://www.sec.gov/Archives/edgar/data/1102934/000110293414000027/form10k.htm"
  },
  {
    "date": "2014-06-30",
    "symbol": "CCMP",
    "reportedCurrency": "USD",
    "cik": "0001102934",
    "fillingDate": "2014-08-08",
    "acceptedDate": "2014-08-08 11:26:14",
    "calendarYear": "2014",
    "period": "Q3",
    "revenue": 108358000,
    "costOfRevenue": 56632000,
    "grossProfit": 51726000,
    "grossProfitRatio": 0.4773620776,
    "researchAndDevelopmentExpenses": 15368000,
    "generalAndAdministrativeExpenses": 11380000,
    "sellingAndMarketingExpenses": 6489000,
    "sellingGeneralAndAdministrativeExpenses": 17869000,
    "otherExpenses": 0,
    "operatingExpenses": 33237000,
    "costAndExpenses": 89869000,
    "interestIncome": 91000,
    "interestExpense": 832000,
    "depreciationAndAmortization": 5029000,
    "ebitda": 23386000,
    "ebitdaratio": 0.2158216283,
    "operatingIncome": 18489000,
    "operatingIncomeRatio": 0.1706288414,
    "totalOtherIncomeExpensesNet": -964000,
    "incomeBeforeTax": 17525000,
    "incomeBeforeTaxRatio": 0.1617324055,
    "incomeTaxExpense": 4223000,
    "netIncome": 13302000,
    "netIncomeRatio": 0.1227597409,
    "eps": 0.56,
    "epsdiluted": 0.54,
    "weightedAverageShsOut": 23753000,
    "weightedAverageShsOutDil": 24613000,
    "link": "https://www.sec.gov/Archives/edgar/data/1102934/000110293414000022/0001102934-14-000022-index.html",
    "finalLink": "https://www.sec.gov/Archives/edgar/data/1102934/000110293414000022/cmc10qfiled080814.htm"
  },
  {
    "date": "2014-03-31",
    "symbol": "CCMP",
    "reportedCurrency": "USD",
    "cik": "0001102934",
    "fillingDate": "2014-05-09",
    "acceptedDate": "2014-05-09 10:46:04",
    "calendarYear": "2014",
    "period": "Q2",
    "revenue": 99456000,
    "costOfRevenue": 52931000,
    "grossProfit": 46525000,
    "grossProfitRatio": 0.4677948037,
    "researchAndDevelopmentExpenses": 14364000,
    "generalAndAdministrativeExpenses": 11076000,
    "sellingAndMarketingExpenses": 6471000,
    "sellingGeneralAndAdministrativeExpenses": 17547000,
    "otherExpenses": 0,
    "operatingExpenses": 31911000,
    "costAndExpenses": 84842000,
    "interestIncome": 21000,
    "interestExpense": 843000,
    "depreciationAndAmortization": 4899000,
    "ebitda": 19616000,
    "ebitdaratio": 0.1972329472,
    "operatingIncome": 14614000,
    "operatingIncomeRatio": 0.1469393501,
    "totalOtherIncomeExpensesNet": -740000,
    "incomeBeforeTax": 13874000,
    "incomeBeforeTaxRatio": 0.1394988739,
    "incomeTaxExpense": 3779000,
    "netIncome": 10095000,
    "netIncomeRatio": 0.1015021718,
    "eps": 0.42,
    "epsdiluted": 0.41,
    "weightedAverageShsOut": 23982000,
    "weightedAverageShsOutDil": 24897000,
    "link": "https://www.sec.gov/Archives/edgar/data/1102934/000110293414000015/0001102934-14-000015-index.html",
    "finalLink": "https://www.sec.gov/Archives/edgar/data/1102934/000110293414000015/cmc10qfiled050914.htm"
  },
  {
    "date": "2013-12-31",
    "symbol": "CCMP",
    "reportedCurrency": "USD",
    "cik": "0001102934",
    "fillingDate": "2014-02-07",
    "acceptedDate": "2014-02-07 11:16:43",
    "calendarYear": "2014",
    "period": "Q1",
    "revenue": 100515000,
    "costOfRevenue": 52801000,
    "grossProfit": 47714000,
    "grossProfitRatio": 0.4746953191,
    "researchAndDevelopmentExpenses": 14571000,
    "generalAndAdministrativeExpenses": 10726000,
    "sellingAndMarketingExpenses": 6707000,
    "sellingGeneralAndAdministrativeExpenses": 17433000,
    "otherExpenses": 0,
    "operatingExpenses": 32004000,
    "costAndExpenses": 84805000,
    "interestIncome": 58000,
    "interestExpense": 872000,
    "depreciationAndAmortization": 5009000,
    "ebitda": 21336000,
    "ebitdaratio": 0.2122668258,
    "operatingIncome": 15710000,
    "operatingIncomeRatio": 0.1562950803,
    "totalOtherIncomeExpensesNet": -255000,
    "incomeBeforeTax": 15455000,
    "incomeBeforeTaxRatio": 0.1537581456,
    "incomeTaxExpense": 4147000,
    "netIncome": 11308000,
    "netIncomeRatio": 0.1125006218,
    "eps": 0.48,
    "epsdiluted": 0.46,
    "weightedAverageShsOut": 23590000,
    "weightedAverageShsOutDil": 24623000,
    "link": "https://www.sec.gov/Archives/edgar/data/1102934/000110293413000024/form10k.htm",
    "finalLink": "https://www.sec.gov/Archives/edgar/data/1102934/000110293413000024/form10k.htm"
  },
  {
    "date": "2013-09-30",
    "symbol": "CCMP",
    "reportedCurrency": "USD",
    "cik": "0001102934",
    "fillingDate": "2013-11-20",
    "acceptedDate": "2013-11-20 14:25:02",
    "calendarYear": "2013",
    "period": "Q4",
    "revenue": 116266000,
    "costOfRevenue": 57143000,
    "grossProfit": 59123000,
    "grossProfitRatio": 0.5085149571,
    "researchAndDevelopmentExpenses": 15835000,
    "generalAndAdministrativeExpenses": 12270000,
    "sellingAndMarketingExpenses": 7360000,
    "sellingGeneralAndAdministrativeExpenses": 19630000,
    "otherExpenses": 0,
    "operatingExpenses": 35465000,
    "costAndExpenses": 92608000,
    "interestIncome": 23000,
    "interestExpense": 911000,
    "depreciationAndAmortization": 4881000,
    "ebitda": 28366000,
    "ebitdaratio": 0.2439750228,
    "operatingIncome": 23658000,
    "operatingIncomeRatio": 0.2034816713,
    "totalOtherIncomeExpensesNet": -1084000,
    "incomeBeforeTax": 22574000,
    "incomeBeforeTaxRatio": 0.1941582234,
    "incomeTaxExpense": 5805000,
    "netIncome": 16769000,
    "netIncomeRatio": 0.1442296114,
    "eps": 0.73,
    "epsdiluted": 0.7,
    "weightedAverageShsOut": 23041000,
    "weightedAverageShsOutDil": 24072000,
    "link": "https://www.sec.gov/Archives/edgar/data/1102934/000110293413000024/0001102934-13-000024-index.html",
    "finalLink": "https://www.sec.gov/Archives/edgar/data/1102934/000110293413000024/form10k.htm"
  },
  {
    "date": "2013-06-30",
    "symbol": "CCMP",
    "reportedCurrency": "USD",
    "cik": "0001102934",
    "fillingDate": "2013-08-08",
    "acceptedDate": "2013-08-08 12:37:11",
    "calendarYear": "2013",
    "period": "Q3",
    "revenue": 109968000,
    "costOfRevenue": 55359000,
    "grossProfit": 54609000,
    "grossProfitRatio": 0.4965899171,
    "researchAndDevelopmentExpenses": 15149000,
    "generalAndAdministrativeExpenses": 10776000,
    "sellingAndMarketingExpenses": 6470000,
    "sellingGeneralAndAdministrativeExpenses": 17246000,
    "otherExpenses": 0,
    "operatingExpenses": 32395000,
    "costAndExpenses": 87754000,
    "interestIncome": 44000,
    "interestExpense": 907000,
    "depreciationAndAmortization": 4938000,
    "ebitda": 27400000,
    "ebitdaratio": 0.249163393,
    "operatingIncome": 22214000,
    "operatingIncomeRatio": 0.2020042194,
    "totalOtherIncomeExpensesNet": -659000,
    "incomeBeforeTax": 21555000,
    "incomeBeforeTaxRatio": 0.196011567,
    "incomeTaxExpense": 6062000,
    "netIncome": 15493000,
    "netIncomeRatio": 0.1408864397,
    "eps": 0.68,
    "epsdiluted": 0.65,
    "weightedAverageShsOut": 22951000,
    "weightedAverageShsOutDil": 23776000,
    "link": "https://www.sec.gov/Archives/edgar/data/1102934/000110293413000018/0001102934-13-000018-index.html",
    "finalLink": "https://www.sec.gov/Archives/edgar/data/1102934/000110293413000018/cmc10qfiled080913.htm"
  },
  {
    "date": "2013-03-31",
    "symbol": "CCMP",
    "reportedCurrency": "USD",
    "cik": "0001102934",
    "fillingDate": "2013-05-09",
    "acceptedDate": "2013-05-09 10:34:24",
    "calendarYear": "2013",
    "period": "Q2",
    "revenue": 100364000,
    "costOfRevenue": 52019000,
    "grossProfit": 48345000,
    "grossProfitRatio": 0.4816966243,
    "researchAndDevelopmentExpenses": 15073000,
    "generalAndAdministrativeExpenses": 12287000,
    "sellingAndMarketingExpenses": 7046000,
    "sellingGeneralAndAdministrativeExpenses": 19333000,
    "otherExpenses": 0,
    "operatingExpenses": 34406000,
    "costAndExpenses": 86425000,
    "interestIncome": 33000,
    "interestExpense": 872000,
    "depreciationAndAmortization": 5083000,
    "ebitda": 19485000,
    "ebitdaratio": 0.1941433183,
    "operatingIncome": 13939000,
    "operatingIncomeRatio": 0.1388844606,
    "totalOtherIncomeExpensesNet": -409000,
    "incomeBeforeTax": 13530000,
    "incomeBeforeTaxRatio": 0.1348092942,
    "incomeTaxExpense": 4110000,
    "netIncome": 9420000,
    "netIncomeRatio": 0.0938583556,
    "eps": 0.41,
    "epsdiluted": 0.39,
    "weightedAverageShsOut": 22974000,
    "weightedAverageShsOutDil": 23871000,
    "link": "https://www.sec.gov/Archives/edgar/data/1102934/000110293413000013/0001102934-13-000013-index.html",
    "finalLink": "https://www.sec.gov/Archives/edgar/data/1102934/000110293413000013/cmc10qfiled050913.htm"
  },
  {
    "date": "2012-12-31",
    "symbol": "CCMP",
    "reportedCurrency": "USD",
    "cik": "0001102934",
    "fillingDate": "2013-02-08",
    "acceptedDate": "2013-02-08 09:31:26",
    "calendarYear": "2013",
    "period": "Q1",
    "revenue": 106533000,
    "costOfRevenue": 56494000,
    "grossProfit": 50039000,
    "grossProfitRatio": 0.4697042231,
    "researchAndDevelopmentExpenses": 15316000,
    "generalAndAdministrativeExpenses": 10954000,
    "sellingAndMarketingExpenses": 7109000,
    "sellingGeneralAndAdministrativeExpenses": 18063000,
    "otherExpenses": 0,
    "operatingExpenses": 33379000,
    "costAndExpenses": 89873000,
    "interestIncome": 45000,
    "interestExpense": 953000,
    "depreciationAndAmortization": 5555000,
    "ebitda": 23069000,
    "ebitdaratio": 0.2165432307,
    "operatingIncome": 16660000,
    "operatingIncomeRatio": 0.156383468,
    "totalOtherIncomeExpensesNet": -99000,
    "incomeBeforeTax": 16561000,
    "incomeBeforeTaxRatio": 0.1554541785,
    "incomeTaxExpense": 6858000,
    "netIncome": 9703000,
    "netIncomeRatio": 0.0910797593,
    "eps": 0.42,
    "epsdiluted": 0.41,
    "weightedAverageShsOut": 22845000,
    "weightedAverageShsOutDil": 23658000,
    "link": "https://www.sec.gov/Archives/edgar/data/1102934/000110293413000007/0001102934-13-000007-index.html",
    "finalLink": "https://www.sec.gov/Archives/edgar/data/1102934/000110293413000007/cmc10qfiled020813.htm"
  },
  {
    "date": "2012-09-30",
    "symbol": "CCMP",
    "reportedCurrency": "USD",
    "cik": "0001102934",
    "fillingDate": "2012-11-20",
    "acceptedDate": "2012-11-20 11:39:07",
    "calendarYear": "2012",
    "period": "Q4",
    "revenue": 110621000,
    "costOfRevenue": 56883000,
    "grossProfit": 53738000,
    "grossProfitRatio": 0.4857847967,
    "researchAndDevelopmentExpenses": 15401000,
    "generalAndAdministrativeExpenses": 10572000,
    "sellingAndMarketingExpenses": 7288000,
    "sellingGeneralAndAdministrativeExpenses": 17860000,
    "otherExpenses": 0,
    "operatingExpenses": 33261000,
    "costAndExpenses": 90144000,
    "interestIncome": 26000,
    "interestExpense": 961000,
    "depreciationAndAmortization": -681000,
    "ebitda": 19796000,
    "ebitdaratio": 0.1789533633,
    "operatingIncome": 20477000,
    "operatingIncomeRatio": 0.1851095181,
    "totalOtherIncomeExpensesNet": -1642000,
    "incomeBeforeTax": 18835000,
    "incomeBeforeTaxRatio": 0.1702660435,
    "incomeTaxExpense": 7196000,
    "netIncome": 11639000,
    "netIncomeRatio": 0.1052151038,
    "eps": 0.51,
    "epsdiluted": 0.49,
    "weightedAverageShsOut": 22920000,
    "weightedAverageShsOutDil": 23706000,
    "link": "https://www.sec.gov/Archives/edgar/data/1102934/000110293412000040/0001102934-12-000040-index.html",
    "finalLink": "https://www.sec.gov/Archives/edgar/data/1102934/000110293412000040/cmc10kfiled112012.htm"
  },
  {
    "date": "2012-06-30",
    "symbol": "CCMP",
    "reportedCurrency": "USD",
    "cik": "0001102934",
    "fillingDate": "2012-08-08",
    "acceptedDate": "2012-08-08 12:06:45",
    "calendarYear": "2012",
    "period": "Q3",
    "revenue": 115678000,
    "costOfRevenue": 60462000,
    "grossProfit": 55216000,
    "grossProfitRatio": 0.4773249883,
    "researchAndDevelopmentExpenses": 15415000,
    "generalAndAdministrativeExpenses": 10695000,
    "sellingAndMarketingExpenses": 7458000,
    "sellingGeneralAndAdministrativeExpenses": 18153000,
    "otherExpenses": 0,
    "operatingExpenses": 33568000,
    "costAndExpenses": 94030000,
    "interestIncome": 41000,
    "interestExpense": 955000,
    "depreciationAndAmortization": -864000,
    "ebitda": 20784000,
    "ebitdaratio": 0.1796711561,
    "operatingIncome": 21648000,
    "operatingIncomeRatio": 0.1871401649,
    "totalOtherIncomeExpensesNet": -1819000,
    "incomeBeforeTax": 19829000,
    "incomeBeforeTaxRatio": 0.1714154809,
    "incomeTaxExpense": 6587000,
    "netIncome": 13242000,
    "netIncomeRatio": 0.1144729335,
    "eps": 0.57,
    "epsdiluted": 0.55,
    "weightedAverageShsOut": 23120000,
    "weightedAverageShsOutDil": 23939000,
    "link": "https://www.sec.gov/Archives/edgar/data/1102934/000110293412000036/0001102934-12-000036-index.html",
    "finalLink": "https://www.sec.gov/Archives/edgar/data/1102934/000110293412000036/cmc10qfiled080812.htm"
  },
  {
    "date": "2012-03-31",
    "symbol": "CCMP",
    "reportedCurrency": "USD",
    "cik": "0001102934",
    "fillingDate": "2012-05-09",
    "acceptedDate": "2012-05-09 14:13:22",
    "calendarYear": "2012",
    "period": "Q2",
    "revenue": 99236000,
    "costOfRevenue": 53442000,
    "grossProfit": 45794000,
    "grossProfitRatio": 0.4614655972,
    "researchAndDevelopmentExpenses": 14071000,
    "generalAndAdministrativeExpenses": 15177000,
    "sellingAndMarketingExpenses": 7434000,
    "sellingGeneralAndAdministrativeExpenses": 22611000,
    "otherExpenses": 0,
    "operatingExpenses": 36682000,
    "costAndExpenses": 90124000,
    "interestIncome": 28000,
    "interestExpense": 354000,
    "depreciationAndAmortization": 97000,
    "ebitda": 9209000,
    "ebitdaratio": 0.0927989842,
    "operatingIncome": 9112000,
    "operatingIncomeRatio": 0.0918215164,
    "totalOtherIncomeExpensesNet": -257000,
    "incomeBeforeTax": 8855000,
    "incomeBeforeTaxRatio": 0.0892317304,
    "incomeTaxExpense": 3325000,
    "netIncome": 5530000,
    "netIncomeRatio": 0.0557257447,
    "eps": 0.24,
    "epsdiluted": 0.23,
    "weightedAverageShsOut": 22768000,
    "weightedAverageShsOutDil": 23780000,
    "link": "https://www.sec.gov/Archives/edgar/data/1102934/000110293412000025/cmc10qfiled050912.htm",
    "finalLink": "https://www.sec.gov/Archives/edgar/data/1102934/000110293412000025/cmc10qfiled050912.htm"
  },
  {
    "date": "2011-12-31",
    "symbol": "CCMP",
    "reportedCurrency": "USD",
    "cik": "0001102934",
    "fillingDate": "2012-02-08",
    "acceptedDate": "2012-02-08 10:36:35",
    "calendarYear": "2012",
    "period": "Q1",
    "revenue": 102122000,
    "costOfRevenue": 52843000,
    "grossProfit": 49279000,
    "grossProfitRatio": 0.482550283,
    "researchAndDevelopmentExpenses": 13755000,
    "generalAndAdministrativeExpenses": 12901000,
    "sellingAndMarketingExpenses": 7336000,
    "sellingGeneralAndAdministrativeExpenses": 20237000,
    "otherExpenses": 0,
    "operatingExpenses": 33992000,
    "costAndExpenses": 86835000,
    "interestIncome": 51000,
    "interestExpense": 39000,
    "depreciationAndAmortization": 104000,
    "ebitda": 15391000,
    "ebitdaratio": 0.1507118936,
    "operatingIncome": 15287000,
    "operatingIncomeRatio": 0.1496935038,
    "totalOtherIncomeExpensesNet": 65000,
    "incomeBeforeTax": 15352000,
    "incomeBeforeTaxRatio": 0.1503299975,
    "incomeTaxExpense": 4937000,
    "netIncome": 10415000,
    "netIncomeRatio": 0.10198586,
    "eps": 0.46,
    "epsdiluted": 0.45,
    "weightedAverageShsOut": 22508000,
    "weightedAverageShsOutDil": 22926000,
    "link": "https://www.sec.gov/Archives/edgar/data/1102934/000110293412000004/0001102934-12-000004-index.html",
    "finalLink": "https://www.sec.gov/Archives/edgar/data/1102934/000110293412000004/cmc10qfiled020812.htm"
  },
  {
    "date": "2011-09-30",
    "symbol": "CCMP",
    "reportedCurrency": "USD",
    "cik": "0001102934",
    "fillingDate": "2011-11-22",
    "acceptedDate": "2011-11-22 11:01:58",
    "calendarYear": "2011",
    "period": "Q4",
    "revenue": 109731000,
    "costOfRevenue": 58814000,
    "grossProfit": 50917000,
    "grossProfitRatio": 0.4640165496,
    "researchAndDevelopmentExpenses": 14687000,
    "generalAndAdministrativeExpenses": 11677000,
    "sellingAndMarketingExpenses": 7702000,
    "sellingGeneralAndAdministrativeExpenses": 19379000,
    "otherExpenses": 0,
    "operatingExpenses": 34066000,
    "costAndExpenses": 92880000,
    "interestIncome": 44000,
    "interestExpense": 44000,
    "depreciationAndAmortization": -829000,
    "ebitda": 16022000,
    "ebitdaratio": 0.1460116102,
    "operatingIncome": 16851000,
    "operatingIncomeRatio": 0.1535664489,
    "totalOtherIncomeExpensesNet": -873000,
    "incomeBeforeTax": 15978000,
    "incomeBeforeTaxRatio": 0.1456106296,
    "incomeTaxExpense": 6689000,
    "netIncome": 9289000,
    "netIncomeRatio": 0.0846524683,
    "eps": 0.41,
    "epsdiluted": 0.41,
    "weightedAverageShsOut": 22508000,
    "weightedAverageShsOutDil": 22508000,
    "link": "https://www.sec.gov/Archives/edgar/data/1102934/000110293411000029/0001102934-11-000029-index.html",
    "finalLink": "https://www.sec.gov/Archives/edgar/data/1102934/000110293411000029/cmc10kfiled112211.htm"
  },
  {
    "date": "2011-06-30",
    "symbol": "CCMP",
    "reportedCurrency": "USD",
    "cik": "0001102934",
    "fillingDate": "2011-08-08",
    "acceptedDate": "2011-08-08 10:57:16",
    "calendarYear": "2011",
    "period": "Q3",
    "revenue": 111846000,
    "costOfRevenue": 58821000,
    "grossProfit": 53025000,
    "grossProfitRatio": 0.4740893729,
    "researchAndDevelopmentExpenses": 14573000,
    "generalAndAdministrativeExpenses": 11008000,
    "sellingAndMarketingExpenses": 7785000,
    "sellingGeneralAndAdministrativeExpenses": 18793000,
    "otherExpenses": 0,
    "operatingExpenses": 33366000,
    "costAndExpenses": 92187000,
    "interestIncome": 53000,
    "interestExpense": 30000,
    "depreciationAndAmortization": -281000,
    "ebitda": 19378000,
    "ebitdaratio": 0.1732560843,
    "operatingIncome": 19659000,
    "operatingIncomeRatio": 0.1757684674,
    "totalOtherIncomeExpensesNet": -311000,
    "incomeBeforeTax": 19348000,
    "incomeBeforeTaxRatio": 0.1729878583,
    "incomeTaxExpense": 6559000,
    "netIncome": 12789000,
    "netIncomeRatio": 0.114344724,
    "eps": 0.55,
    "epsdiluted": 0.54,
    "weightedAverageShsOut": 23119000,
    "weightedAverageShsOutDil": 23797000,
    "link": "https://www.sec.gov/Archives/edgar/data/1102934/000110293411000022/0001102934-11-000022-index.html",
    "finalLink": "https://www.sec.gov/Archives/edgar/data/1102934/000110293411000022/cmc8kfiled080811.htm"
  },
  {
    "date": "2011-03-31",
    "symbol": "CCMP",
    "reportedCurrency": "USD",
    "cik": "0001102934",
    "fillingDate": "2011-05-09",
    "acceptedDate": "2011-05-09 11:19:25",
    "calendarYear": "2011",
    "period": "Q2",
    "revenue": 109660000,
    "costOfRevenue": 56927000,
    "grossProfit": 52733000,
    "grossProfitRatio": 0.480877257,
    "researchAndDevelopmentExpenses": 14919000,
    "generalAndAdministrativeExpenses": 11567000,
    "sellingAndMarketingExpenses": 6791000,
    "sellingGeneralAndAdministrativeExpenses": 18358000,
    "otherExpenses": 0,
    "operatingExpenses": 33277000,
    "costAndExpenses": 90204000,
    "interestIncome": 63000,
    "interestExpense": 37000,
    "depreciationAndAmortization": 683000,
    "ebitda": 20139000,
    "ebitdaratio": 0.183649462,
    "operatingIncome": 19456000,
    "operatingIncomeRatio": 0.1774211198,
    "totalOtherIncomeExpensesNet": 646000,
    "incomeBeforeTax": 20102000,
    "incomeBeforeTaxRatio": 0.1833120554,
    "incomeTaxExpense": 7010000,
    "netIncome": 13092000,
    "netIncomeRatio": 0.1193871968,
    "eps": 0.57,
    "epsdiluted": 0.55,
    "weightedAverageShsOut": 23032000,
    "weightedAverageShsOutDil": 23693000,
    "link": "https://www.sec.gov/Archives/edgar/data/1102934/000110293411000016/0001102934-11-000016-index.html",
    "finalLink": "https://www.sec.gov/Archives/edgar/data/1102934/000110293411000016/cmc10qfiled050911.htm"
  },
  {
    "date": "2010-12-31",
    "symbol": "CCMP",
    "reportedCurrency": "USD",
    "cik": "0001102934",
    "fillingDate": "2011-02-08",
    "acceptedDate": "2011-02-08 16:16:20",
    "calendarYear": "2011",
    "period": "Q1",
    "revenue": 114205000,
    "costOfRevenue": 56774000,
    "grossProfit": 57431000,
    "grossProfitRatio": 0.5028764065,
    "researchAndDevelopmentExpenses": 13856000,
    "generalAndAdministrativeExpenses": 11676000,
    "sellingAndMarketingExpenses": 7480000,
    "sellingGeneralAndAdministrativeExpenses": 19156000,
    "otherExpenses": 0,
    "operatingExpenses": 33012000,
    "costAndExpenses": 89786000,
    "interestIncome": 78000,
    "interestExpense": 44000,
    "depreciationAndAmortization": 6054000,
    "ebitda": 29582000,
    "ebitdaratio": 0.2590254367,
    "operatingIncome": 24419000,
    "operatingIncomeRatio": 0.2138172584,
    "totalOtherIncomeExpensesNet": -935000,
    "incomeBeforeTax": 23484000,
    "incomeBeforeTaxRatio": 0.2056302263,
    "incomeTaxExpense": 6992000,
    "netIncome": 16492000,
    "netIncomeRatio": 0.1444069874,
    "eps": 0.73,
    "epsdiluted": 0.71,
    "weightedAverageShsOut": 22710000,
    "weightedAverageShsOutDil": 23131000,
    "link": "https://www.sec.gov/Archives/edgar/data/1102934/000110293410000042/cmc10kfiled112310.htm",
    "finalLink": "https://www.sec.gov/Archives/edgar/data/1102934/000110293410000042/cmc10kfiled112310.htm"
  },
  {
    "date": "2010-09-30",
    "symbol": "CCMP",
    "reportedCurrency": "USD",
    "cik": "0001102934",
    "fillingDate": "2010-11-23",
    "acceptedDate": "2010-11-23 09:48:44",
    "calendarYear": "2010",
    "period": "Q4",
    "revenue": 110318000,
    "costOfRevenue": 56590000,
    "grossProfit": 53728000,
    "grossProfitRatio": 0.4870284088,
    "researchAndDevelopmentExpenses": 13454000,
    "generalAndAdministrativeExpenses": 12202000,
    "sellingAndMarketingExpenses": 7024000,
    "sellingGeneralAndAdministrativeExpenses": 19226000,
    "otherExpenses": 0,
    "operatingExpenses": 32680000,
    "costAndExpenses": 89270000,
    "interestIncome": 78000,
    "interestExpense": 49000,
    "depreciationAndAmortization": 6155000,
    "ebitda": 26725000,
    "ebitdaratio": 0.2422542106,
    "operatingIncome": 21048000,
    "operatingIncomeRatio": 0.1907938868,
    "totalOtherIncomeExpensesNet": -527000,
    "incomeBeforeTax": 20521000,
    "incomeBeforeTaxRatio": 0.1860167878,
    "incomeTaxExpense": 5231000,
    "netIncome": 15290000,
    "netIncomeRatio": 0.138599322,
    "eps": 0.67,
    "epsdiluted": 0.67,
    "weightedAverageShsOut": 22710000,
    "weightedAverageShsOutDil": 22710000,
    "link": "https://www.sec.gov/Archives/edgar/data/1102934/000110293410000042/0001102934-10-000042-index.html",
    "finalLink": "https://www.sec.gov/Archives/edgar/data/1102934/000110293410000042/cmc10kfiled112310.htm"
  },
  {
    "date": "2010-06-30",
    "symbol": "CCMP",
    "reportedCurrency": "USD",
    "cik": "0001102934",
    "fillingDate": "2010-08-06",
    "acceptedDate": "2010-08-06 14:32:34",
    "calendarYear": "2010",
    "period": "Q3",
    "revenue": 101655000,
    "costOfRevenue": 51759000,
    "grossProfit": 49896000,
    "grossProfitRatio": 0.4908366534,
    "researchAndDevelopmentExpenses": 12875000,
    "generalAndAdministrativeExpenses": 14637000,
    "sellingAndMarketingExpenses": 7009000,
    "sellingGeneralAndAdministrativeExpenses": 21646000,
    "otherExpenses": 0,
    "operatingExpenses": 34521000,
    "costAndExpenses": 86280000,
    "interestIncome": 68000,
    "interestExpense": 53000,
    "depreciationAndAmortization": 6197000,
    "ebitda": 21797000,
    "ebitdaratio": 0.214421327,
    "operatingIncome": 15375000,
    "operatingIncomeRatio": 0.1512468644,
    "totalOtherIncomeExpensesNet": 172000,
    "incomeBeforeTax": 15547000,
    "incomeBeforeTaxRatio": 0.1529388618,
    "incomeTaxExpense": 5450000,
    "netIncome": 10097000,
    "netIncomeRatio": 0.0993261522,
    "eps": 0.44,
    "epsdiluted": 0.43,
    "weightedAverageShsOut": 23143000,
    "weightedAverageShsOutDil": 23478000,
    "link": "https://www.sec.gov/Archives/edgar/data/1102934/000110293410000031/0001102934-10-000031-index.html",
    "finalLink": "https://www.sec.gov/Archives/edgar/data/1102934/000110293410000031/cmc10qfiled080610.htm"
  },
  {
    "date": "2010-03-31",
    "symbol": "CCMP",
    "reportedCurrency": "USD",
    "cik": "0001102934",
    "fillingDate": "2010-05-07",
    "acceptedDate": "2010-05-07 11:44:49",
    "calendarYear": "2010",
    "period": "Q2",
    "revenue": 98556000,
    "costOfRevenue": 49091000,
    "grossProfit": 49465000,
    "grossProfitRatio": 0.5018973984,
    "researchAndDevelopmentExpenses": 12908000,
    "generalAndAdministrativeExpenses": 12699000,
    "sellingAndMarketingExpenses": 6530000,
    "sellingGeneralAndAdministrativeExpenses": 19229000,
    "otherExpenses": 0,
    "operatingExpenses": 32137000,
    "costAndExpenses": 81228000,
    "interestIncome": 38000,
    "interestExpense": 60000,
    "depreciationAndAmortization": 6269000,
    "ebitda": 23217000,
    "ebitdaratio": 0.2355716547,
    "operatingIncome": 17328000,
    "operatingIncomeRatio": 0.1758188238,
    "totalOtherIncomeExpensesNet": -440000,
    "incomeBeforeTax": 16888000,
    "incomeBeforeTaxRatio": 0.1713543569,
    "incomeTaxExpense": 5941000,
    "netIncome": 10947000,
    "netIncomeRatio": 0.1110739072,
    "eps": 0.47,
    "epsdiluted": 0.47,
    "weightedAverageShsOut": 23263000,
    "weightedAverageShsOutDil": 23485000,
    "link": "https://www.sec.gov/Archives/edgar/data/1102934/000110293410000015/0001102934-10-000015-index.html",
    "finalLink": "https://www.sec.gov/Archives/edgar/data/1102934/000110293410000015/cmc10qfiled050710.htm"
  },
  {
    "date": "2009-12-31",
    "symbol": "CCMP",
    "reportedCurrency": "USD",
    "cik": "0001102934",
    "fillingDate": "2010-02-08",
    "acceptedDate": "2010-02-08 12:20:13",
    "calendarYear": "2010",
    "period": "Q1",
    "revenue": 97672000,
    "costOfRevenue": 47264000,
    "grossProfit": 50408000,
    "grossProfitRatio": 0.5160946842,
    "researchAndDevelopmentExpenses": 12581000,
    "generalAndAdministrativeExpenses": 11245000,
    "sellingAndMarketingExpenses": 6322000,
    "sellingGeneralAndAdministrativeExpenses": 17567000,
    "otherExpenses": 0,
    "operatingExpenses": 30148000,
    "costAndExpenses": 77412000,
    "interestIncome": 44000,
    "interestExpense": 71000,
    "depreciationAndAmortization": 6373000,
    "ebitda": 26765000,
    "ebitdaratio": 0.2740294045,
    "operatingIncome": 20260000,
    "operatingIncomeRatio": 0.2074289459,
    "totalOtherIncomeExpensesNet": 61000,
    "incomeBeforeTax": 20321000,
    "incomeBeforeTaxRatio": 0.2080534851,
    "incomeTaxExpense": 7197000,
    "netIncome": 13124000,
    "netIncomeRatio": 0.1343680891,
    "eps": 0.57,
    "epsdiluted": 0.56,
    "weightedAverageShsOut": 23167000,
    "weightedAverageShsOutDil": 23294000,
    "link": "https://www.sec.gov/Archives/edgar/data/1102934/000110293410000008/0001102934-10-000008-index.html",
    "finalLink": "https://www.sec.gov/Archives/edgar/data/1102934/000110293410000008/cmc10qfiled020810.htm"
  },
  {
    "date": "2009-09-30",
    "symbol": "CCMP",
    "reportedCurrency": "USD",
    "cik": "0001102934",
    "fillingDate": "2009-11-24",
    "acceptedDate": "2009-11-24 10:47:41",
    "calendarYear": "2009",
    "period": "Q4",
    "revenue": 96513000,
    "costOfRevenue": 49775000,
    "grossProfit": 46738000,
    "grossProfitRatio": 0.4842663683,
    "researchAndDevelopmentExpenses": 12514000,
    "generalAndAdministrativeExpenses": 9673000,
    "sellingAndMarketingExpenses": 5798000,
    "sellingGeneralAndAdministrativeExpenses": 15471000,
    "otherExpenses": 0,
    "operatingExpenses": 27985000,
    "costAndExpenses": 77760000,
    "interestIncome": 61000,
    "interestExpense": 106000,
    "depreciationAndAmortization": 6301000,
    "ebitda": 24448000,
    "ebitdaratio": 0.2533130252,
    "operatingIncome": 18753000,
    "operatingIncomeRatio": 0.1943054304,
    "totalOtherIncomeExpensesNet": -712000,
    "incomeBeforeTax": 18041000,
    "incomeBeforeTaxRatio": 0.1869281858,
    "incomeTaxExpense": 5871000,
    "netIncome": 12170000,
    "netIncomeRatio": 0.1260970025,
    "eps": 0.53,
    "epsdiluted": 0.53,
    "weightedAverageShsOut": 23167000,
    "weightedAverageShsOutDil": 23167000,
    "link": "https://www.sec.gov/Archives/edgar/data/1102934/000110293409000035/0001102934-09-000035-index.html",
    "finalLink": "https://www.sec.gov/Archives/edgar/data/1102934/000110293409000035/cmc10kfiled112409.htm"
  },
  {
    "date": "2009-06-30",
    "symbol": "CCMP",
    "reportedCurrency": "USD",
    "cik": "0001102934",
    "fillingDate": "2009-08-07",
    "acceptedDate": "2009-08-07 11:29:14",
    "calendarYear": "2009",
    "period": "Q3",
    "revenue": 86443000,
    "costOfRevenue": 46143000,
    "grossProfit": 40300000,
    "grossProfitRatio": 0.4662031628,
    "researchAndDevelopmentExpenses": 10901000,
    "generalAndAdministrativeExpenses": 9043000,
    "sellingAndMarketingExpenses": 5207000,
    "sellingGeneralAndAdministrativeExpenses": 14250000,
    "otherExpenses": 0,
    "operatingExpenses": 25151000,
    "costAndExpenses": 71294000,
    "interestIncome": 106000,
    "interestExpense": 79000,
    "depreciationAndAmortization": 6263000,
    "ebitda": 21539000,
    "ebitdaratio": 0.2491699733,
    "operatingIncome": 15239000,
    "operatingIncomeRatio": 0.1762895781,
    "totalOtherIncomeExpensesNet": -42000,
    "incomeBeforeTax": 15197000,
    "incomeBeforeTaxRatio": 0.1758037088,
    "incomeTaxExpense": 6183000,
    "netIncome": 9014000,
    "netIncomeRatio": 0.1042768067,
    "eps": 0.39,
    "epsdiluted": 0.39,
    "weightedAverageShsOut": 23113000,
    "weightedAverageShsOutDil": 23154000,
    "link": "https://www.sec.gov/Archives/edgar/data/1102934/000110293409000030/0001102934-09-000030-index.html",
    "finalLink": "https://www.sec.gov/Archives/edgar/data/1102934/000110293409000030/cmc10qfiled080709.htm"
  },
  {
    "date": "2009-03-31",
    "symbol": "CCMP",
    "reportedCurrency": "USD",
    "cik": "0001102934",
    "fillingDate": "2009-05-08",
    "acceptedDate": "2009-05-08 13:51:14",
    "calendarYear": "2009",
    "period": "Q2",
    "revenue": 45399000,
    "costOfRevenue": 32689000,
    "grossProfit": 12710000,
    "grossProfitRatio": 0.2799621137,
    "researchAndDevelopmentExpenses": 12621000,
    "generalAndAdministrativeExpenses": 10590000,
    "sellingAndMarketingExpenses": 5261000,
    "sellingGeneralAndAdministrativeExpenses": 15851000,
    "otherExpenses": 0,
    "operatingExpenses": 28472000,
    "costAndExpenses": 61161000,
    "interestIncome": 156000,
    "interestExpense": 79000,
    "depreciationAndAmortization": 6102000,
    "ebitda": -10604000,
    "ebitdaratio": -0.2335734267,
    "operatingIncome": -17262000,
    "operatingIncomeRatio": -0.3802286394,
    "totalOtherIncomeExpensesNet": 477000,
    "incomeBeforeTax": -16785000,
    "incomeBeforeTaxRatio": -0.3697218,
    "incomeTaxExpense": -6672000,
    "netIncome": -10113000,
    "netIncomeRatio": -0.2227582105,
    "eps": -0.44,
    "epsdiluted": -0.44,
    "weightedAverageShsOut": 23107000,
    "weightedAverageShsOutDil": 23107000,
    "link": "https://www.sec.gov/Archives/edgar/data/1102934/000110293409000026/0001102934-09-000026-index.html",
    "finalLink": "https://www.sec.gov/Archives/edgar/data/1102934/000110293409000026/cmc10qfiled050809.htm"
  },
  {
    "date": "2008-12-31",
    "symbol": "CCMP",
    "reportedCurrency": "USD",
    "cik": "0001102934",
    "fillingDate": "2009-02-05",
    "acceptedDate": "2009-02-05 14:08:10",
    "calendarYear": "2009",
    "period": "Q1",
    "revenue": 63017000,
    "costOfRevenue": 34311000,
    "grossProfit": 28706000,
    "grossProfitRatio": 0.4555278734,
    "researchAndDevelopmentExpenses": 12114000,
    "generalAndAdministrativeExpenses": 17299000,
    "sellingAndMarketingExpenses": 0,
    "sellingGeneralAndAdministrativeExpenses": 17299000,
    "otherExpenses": 0,
    "operatingExpenses": 29413000,
    "costAndExpenses": 63724000,
    "interestIncome": 0,
    "interestExpense": 0,
    "depreciationAndAmortization": 6166000,
    "ebitda": 6335000,
    "ebitdaratio": 0.1005284288,
    "operatingIncome": -707000,
    "operatingIncomeRatio": -0.0112191948,
    "totalOtherIncomeExpensesNet": 876000,
    "incomeBeforeTax": 169000,
    "incomeBeforeTaxRatio": 0.002681816,
    "incomeTaxExpense": 53000,
    "netIncome": 116000,
    "netIncomeRatio": 0.0018407731,
    "eps": 0.005,
    "epsdiluted": 0.005,
    "weightedAverageShsOut": 23020000,
    "weightedAverageShsOutDil": 23026000,
    "link": "https://www.sec.gov/Archives/edgar/data/1102934/000110293409000017/0001102934-09-000017-index.html",
    "finalLink": "https://www.sec.gov/Archives/edgar/data/1102934/000110293409000017/cmc10qfiled020509.htm"
  },
  {
    "date": "2008-09-30",
    "symbol": "CCMP",
    "reportedCurrency": "USD",
    "cik": "0001102934",
    "fillingDate": "2008-11-25",
    "acceptedDate": "2008-11-25 10:24:25",
    "calendarYear": "2008",
    "period": "Q4",
    "revenue": 90156000,
    "costOfRevenue": 48141000,
    "grossProfit": 42015000,
    "grossProfitRatio": 0.4660255557,
    "researchAndDevelopmentExpenses": 12572000,
    "generalAndAdministrativeExpenses": 19172000,
    "sellingAndMarketingExpenses": 0,
    "sellingGeneralAndAdministrativeExpenses": 19172000,
    "otherExpenses": 0,
    "operatingExpenses": 31744000,
    "costAndExpenses": 79885000,
    "interestIncome": 0,
    "interestExpense": 0,
    "depreciationAndAmortization": 6336000,
    "ebitda": 17492000,
    "ebitdaratio": 0.1940192555,
    "operatingIncome": 10271000,
    "operatingIncomeRatio": 0.1139247527,
    "totalOtherIncomeExpensesNet": 885000,
    "incomeBeforeTax": 11156000,
    "incomeBeforeTaxRatio": 0.123741071,
    "incomeTaxExpense": 2939000,
    "netIncome": 8217000,
    "netIncomeRatio": 0.0911420205,
    "eps": 0.36,
    "epsdiluted": 0.36,
    "weightedAverageShsOut": 23020000,
    "weightedAverageShsOutDil": 23020000,
    "link": "https://www.sec.gov/Archives/edgar/data/1102934/000110293408000088/0001102934-08-000088-index.html",
    "finalLink": "https://www.sec.gov/Archives/edgar/data/1102934/000110293408000088/cmc10kfiled112508.htm"
  },
  {
    "date": "2008-06-30",
    "symbol": "CCMP",
    "reportedCurrency": "USD",
    "cik": "0001102934",
    "fillingDate": "2008-08-08",
    "acceptedDate": "2008-08-08 11:58:56",
    "calendarYear": "2008",
    "period": "Q3",
    "revenue": 97047000,
    "costOfRevenue": 51638000,
    "grossProfit": 45409000,
    "grossProfitRatio": 0.4679073026,
    "researchAndDevelopmentExpenses": 12730000,
    "generalAndAdministrativeExpenses": 19818000,
    "sellingAndMarketingExpenses": 0,
    "sellingGeneralAndAdministrativeExpenses": 19818000,
    "otherExpenses": 0,
    "operatingExpenses": 32548000,
    "costAndExpenses": 84186000,
    "interestIncome": 0,
    "interestExpense": 0,
    "depreciationAndAmortization": 6575000,
    "ebitda": 20675000,
    "ebitdaratio": 0.2130411038,
    "operatingIncome": 12861000,
    "operatingIncomeRatio": 0.1325234165,
    "totalOtherIncomeExpensesNet": 1239000,
    "incomeBeforeTax": 14100000,
    "incomeBeforeTaxRatio": 0.1452904263,
    "incomeTaxExpense": 4120000,
    "netIncome": 9980000,
    "netIncomeRatio": 0.1028367698,
    "eps": 0.43,
    "epsdiluted": 0.43,
    "weightedAverageShsOut": 23132000,
    "weightedAverageShsOutDil": 23163000,
    "link": "https://www.sec.gov/Archives/edgar/data/1102934/000110293408000064/0001102934-08-000064-index.html",
    "finalLink": "https://www.sec.gov/Archives/edgar/data/1102934/000110293408000064/cmc10qfiled080808.htm"
  },
  {
    "date": "2008-03-31",
    "symbol": "CCMP",
    "reportedCurrency": "USD",
    "cik": "0001102934",
    "fillingDate": "2008-05-09",
    "acceptedDate": "2008-05-09 09:23:26",
    "calendarYear": "2008",
    "period": "Q2",
    "revenue": 94488000,
    "costOfRevenue": 52212000,
    "grossProfit": 42276000,
    "grossProfitRatio": 0.4474218948,
    "researchAndDevelopmentExpenses": 12432000,
    "generalAndAdministrativeExpenses": 19763000,
    "sellingAndMarketingExpenses": 0,
    "sellingGeneralAndAdministrativeExpenses": 19763000,
    "otherExpenses": 0,
    "operatingExpenses": 32195000,
    "costAndExpenses": 84407000,
    "interestIncome": 0,
    "interestExpense": 0,
    "depreciationAndAmortization": 6681000,
    "ebitda": 18451000,
    "ebitdaratio": 0.1952734739,
    "operatingIncome": 10081000,
    "operatingIncomeRatio": 0.1066907967,
    "totalOtherIncomeExpensesNet": 1689000,
    "incomeBeforeTax": 11770000,
    "incomeBeforeTaxRatio": 0.1245660825,
    "incomeTaxExpense": 3828000,
    "netIncome": 7942000,
    "netIncomeRatio": 0.0840530014,
    "eps": 0.34,
    "epsdiluted": 0.34,
    "weightedAverageShsOut": 23402000,
    "weightedAverageShsOutDil": 23416000,
    "link": "https://www.sec.gov/Archives/edgar/data/1102934/000110293408000039/0001102934-08-000039-index.html",
    "finalLink": "https://www.sec.gov/Archives/edgar/data/1102934/000110293408000039/cmc10qfiled050908.htm"
  },
  {
    "date": "2007-12-31",
    "symbol": "CCMP",
    "reportedCurrency": "USD",
    "cik": "0001102934",
    "fillingDate": "2008-02-08",
    "acceptedDate": "2008-02-08 12:09:11",
    "calendarYear": "2008",
    "period": "Q1",
    "revenue": 93378000,
    "costOfRevenue": 48605000,
    "grossProfit": 44773000,
    "grossProfitRatio": 0.4794812483,
    "researchAndDevelopmentExpenses": 11421000,
    "generalAndAdministrativeExpenses": 17123000,
    "sellingAndMarketingExpenses": 0,
    "sellingGeneralAndAdministrativeExpenses": 17123000,
    "otherExpenses": 0,
    "operatingExpenses": 28544000,
    "costAndExpenses": 77149000,
    "interestIncome": 0,
    "interestExpense": 0,
    "depreciationAndAmortization": 6359000,
    "ebitda": 24223000,
    "ebitdaratio": 0.2594079976,
    "operatingIncome": 16229000,
    "operatingIncomeRatio": 0.1737989676,
    "totalOtherIncomeExpensesNet": 1635000,
    "incomeBeforeTax": 17864000,
    "incomeBeforeTaxRatio": 0.1913084452,
    "incomeTaxExpense": 5665000,
    "netIncome": 12199000,
    "netIncomeRatio": 0.1306410504,
    "eps": 0.51,
    "epsdiluted": 0.51,
    "weightedAverageShsOut": 23716000,
    "weightedAverageShsOutDil": 23768000,
    "link": "https://www.sec.gov/Archives/edgar/data/1102934/000110293408000018/0001102934-08-000018-index.html",
    "finalLink": "https://www.sec.gov/Archives/edgar/data/1102934/000110293408000018/cmc10qfiled020808.htm"
  },
  {
    "date": "2007-09-30",
    "symbol": "CCMP",
    "reportedCurrency": "USD",
    "cik": "0001102934",
    "fillingDate": "2007-11-27",
    "acceptedDate": "2007-11-27 11:25:05",
    "calendarYear": "2007",
    "period": "Q4",
    "revenue": 90379000,
    "costOfRevenue": 45983000,
    "grossProfit": 44396000,
    "grossProfitRatio": 0.4912203056,
    "researchAndDevelopmentExpenses": 12209000,
    "generalAndAdministrativeExpenses": 18102000,
    "sellingAndMarketingExpenses": 0,
    "sellingGeneralAndAdministrativeExpenses": 18102000,
    "otherExpenses": 0,
    "operatingExpenses": 30311000,
    "costAndExpenses": 76294000,
    "interestIncome": 0,
    "interestExpense": 0,
    "depreciationAndAmortization": 6023000,
    "ebitda": 21428000,
    "ebitdaratio": 0.2370904746,
    "operatingIncome": 14085000,
    "operatingIncomeRatio": 0.1558437248,
    "totalOtherIncomeExpensesNet": 1320000,
    "incomeBeforeTax": 15405000,
    "incomeBeforeTaxRatio": 0.1704488875,
    "incomeTaxExpense": 5246000,
    "netIncome": 10159000,
    "netIncomeRatio": 0.1124044302,
    "eps": 0.43,
    "epsdiluted": 0.43,
    "weightedAverageShsOut": 23716000,
    "weightedAverageShsOutDil": 23716000,
    "link": "https://www.sec.gov/Archives/edgar/data/1102934/000110293407000108/0001102934-07-000108-index.html",
    "finalLink": "https://www.sec.gov/Archives/edgar/data/1102934/000110293407000108/cmcfy0710k.htm"
  },
  {
    "date": "2007-06-30",
    "symbol": "CCMP",
    "reportedCurrency": "USD",
    "cik": "0001102934",
    "fillingDate": "2007-08-08",
    "acceptedDate": "2007-08-08 13:06:24",
    "calendarYear": "2007",
    "period": "Q3",
    "revenue": 89023000,
    "costOfRevenue": 46552000,
    "grossProfit": 42471000,
    "grossProfitRatio": 0.4770789571,
    "researchAndDevelopmentExpenses": 12033000,
    "generalAndAdministrativeExpenses": 15856000,
    "sellingAndMarketingExpenses": 0,
    "sellingGeneralAndAdministrativeExpenses": 15856000,
    "otherExpenses": 0,
    "operatingExpenses": 27889000,
    "costAndExpenses": 74441000,
    "interestIncome": 0,
    "interestExpense": 0,
    "depreciationAndAmortization": 5918000,
    "ebitda": 20352000,
    "ebitdaratio": 0.228615077,
    "operatingIncome": 14582000,
    "operatingIncomeRatio": 0.1638003662,
    "totalOtherIncomeExpensesNet": -148000,
    "incomeBeforeTax": 14434000,
    "incomeBeforeTaxRatio": 0.1621378745,
    "incomeTaxExpense": 4373000,
    "netIncome": 10061000,
    "netIncomeRatio": 0.1130157375,
    "eps": 0.43,
    "epsdiluted": 0.42,
    "weightedAverageShsOut": 23662000,
    "weightedAverageShsOutDil": 23687000,
    "link": "https://www.sec.gov/Archives/edgar/data/1102934/000110293407000065/0001102934-07-000065-index.html",
    "finalLink": "https://www.sec.gov/Archives/edgar/data/1102934/000110293407000065/cmc10qqtrend063007.htm"
  }
]