[
  {
    "date": "2024-09-30",
    "symbol": "ACLS",
    "reportedCurrency": "USD",
    "cik": "0001113232",
    "fillingDate": "2024-11-07",
    "acceptedDate": "2024-11-07 16:02:15",
    "calendarYear": "2024",
    "period": "Q3",
    "revenue": 256564000,
    "costOfRevenue": 146594000,
    "grossProfit": 109970000,
    "grossProfitRatio": 0.4286259959,
    "researchAndDevelopmentExpenses": 26395000,
    "generalAndAdministrativeExpenses": 19854000,
    "sellingAndMarketingExpenses": 16808000,
    "sellingGeneralAndAdministrativeExpenses": 36662000,
    "otherExpenses": 0,
    "operatingExpenses": 63057000,
    "costAndExpenses": 209651000,
    "interestIncome": 6560000,
    "interestExpense": -1333000,
    "depreciationAndAmortization": 0,
    "ebitda": 46913000,
    "ebitdaratio": 0.1828510625,
    "operatingIncome": 46913000,
    "operatingIncomeRatio": 0.1828510625,
    "totalOtherIncomeExpensesNet": 8452000,
    "incomeBeforeTax": 55365000,
    "incomeBeforeTaxRatio": 0.2157941099,
    "incomeTaxExpense": 6789000,
    "netIncome": 48576000,
    "netIncomeRatio": 0.189332876,
    "eps": 1.49,
    "epsdiluted": 1.49,
    "weightedAverageShsOut": 32550000,
    "weightedAverageShsOutDil": 32675000,
    "link": "https://www.sec.gov/Archives/edgar/data/1113232/000155837024014856/0001558370-24-014856-index.htm",
    "finalLink": "https://www.sec.gov/Archives/edgar/data/1113232/000155837024014856/acls-20240930x10q.htm"
  },
  {
    "date": "2024-06-30",
    "symbol": "ACLS",
    "reportedCurrency": "USD",
    "cik": "0001113232",
    "fillingDate": "2024-08-01",
    "acceptedDate": "2024-08-01 15:48:39",
    "calendarYear": "2024",
    "period": "Q2",
    "revenue": 256512000,
    "costOfRevenue": 144103000,
    "grossProfit": 112409000,
    "grossProfitRatio": 0.4382212138,
    "researchAndDevelopmentExpenses": 25786000,
    "generalAndAdministrativeExpenses": 16583000,
    "sellingAndMarketingExpenses": 17230000,
    "sellingGeneralAndAdministrativeExpenses": 33813000,
    "otherExpenses": -257000,
    "operatingExpenses": 59599000,
    "costAndExpenses": 203702000,
    "interestIncome": 6051000,
    "interestExpense": 1339000,
    "depreciationAndAmortization": 3861000,
    "ebitda": 56671000,
    "ebitdaratio": 0.2209292353,
    "operatingIncome": 52810000,
    "operatingIncomeRatio": 0.2058773079,
    "totalOtherIncomeExpensesNet": 4455000,
    "incomeBeforeTax": 57265000,
    "incomeBeforeTaxRatio": 0.2232449164,
    "incomeTaxExpense": 6399000,
    "netIncome": 50866000,
    "netIncomeRatio": 0.1982987151,
    "eps": 1.56,
    "epsdiluted": 1.55,
    "weightedAverageShsOut": 32598000,
    "weightedAverageShsOutDil": 32771000,
    "link": "https://www.sec.gov/Archives/edgar/data/1113232/000155837024010589/0001558370-24-010589-index.htm",
    "finalLink": "https://www.sec.gov/Archives/edgar/data/1113232/000155837024010589/acls-20240630x10q.htm"
  },
  {
    "date": "2024-03-31",
    "symbol": "ACLS",
    "reportedCurrency": "USD",
    "cik": "0001113232",
    "fillingDate": "2024-05-02",
    "acceptedDate": "2024-05-02 14:57:29",
    "calendarYear": "2024",
    "period": "Q1",
    "revenue": 252372000,
    "costOfRevenue": 136321000,
    "grossProfit": 116051000,
    "grossProfitRatio": 0.4598410283,
    "researchAndDevelopmentExpenses": 25662000,
    "generalAndAdministrativeExpenses": 16405000,
    "sellingAndMarketingExpenses": 17445000,
    "sellingGeneralAndAdministrativeExpenses": 33850000,
    "otherExpenses": -1710000,
    "operatingExpenses": 59512000,
    "costAndExpenses": 195833000,
    "interestIncome": 5516000,
    "interestExpense": 1346000,
    "depreciationAndAmortization": 3775000,
    "ebitda": 60314000,
    "ebitdaratio": 0.2389884773,
    "operatingIncome": 56539000,
    "operatingIncomeRatio": 0.2240303996,
    "totalOtherIncomeExpensesNet": 2460000,
    "incomeBeforeTax": 58999000,
    "incomeBeforeTaxRatio": 0.2337779151,
    "incomeTaxExpense": 7404000,
    "netIncome": 51595000,
    "netIncomeRatio": 0.2044402707,
    "eps": 1.58,
    "epsdiluted": 1.57,
    "weightedAverageShsOut": 32637999,
    "weightedAverageShsOutDil": 32926000,
    "link": "https://www.sec.gov/Archives/edgar/data/1113232/000155837024006510/0001558370-24-006510-index.htm",
    "finalLink": "https://www.sec.gov/Archives/edgar/data/1113232/000155837024006510/acls-20240331x10q.htm"
  },
  {
    "date": "2023-12-31",
    "symbol": "ACLS",
    "reportedCurrency": "USD",
    "cik": "0001113232",
    "fillingDate": "2024-02-28",
    "acceptedDate": "2024-02-28 15:01:02",
    "calendarYear": "2023",
    "period": "Q4",
    "revenue": 310288000,
    "costOfRevenue": 172392000,
    "grossProfit": 137896000,
    "grossProfitRatio": 0.4444129325,
    "researchAndDevelopmentExpenses": 24911000,
    "generalAndAdministrativeExpenses": 17275000,
    "sellingAndMarketingExpenses": 16658999,
    "sellingGeneralAndAdministrativeExpenses": 33934000,
    "otherExpenses": 4348000,
    "operatingExpenses": 58845000,
    "costAndExpenses": 231237000,
    "interestIncome": 5375000,
    "interestExpense": 1320000,
    "depreciationAndAmortization": 3581000,
    "ebitda": 92307000,
    "ebitdaratio": 0.2651762234,
    "operatingIncome": 79051000,
    "operatingIncomeRatio": 0.2547665395,
    "totalOtherIncomeExpensesNet": 8355000,
    "incomeBeforeTax": 87406000,
    "incomeBeforeTaxRatio": 0.2816931367,
    "incomeTaxExpense": 16350000,
    "netIncome": 71056000,
    "netIncomeRatio": 0.2290001547,
    "eps": 2.17,
    "epsdiluted": 2.15,
    "weightedAverageShsOut": 32708000,
    "weightedAverageShsOutDil": 33031000,
    "link": "https://www.sec.gov/Archives/edgar/data/1113232/000155837024001969/0001558370-24-001969-index.htm",
    "finalLink": "https://www.sec.gov/Archives/edgar/data/1113232/000155837024001969/acls-20231231x10ka.htm"
  },
  {
    "date": "2023-09-30",
    "symbol": "ACLS",
    "reportedCurrency": "USD",
    "cik": "0001113232",
    "fillingDate": "2023-11-02",
    "acceptedDate": "2023-11-02 16:56:07",
    "calendarYear": "2023",
    "period": "Q3",
    "revenue": 292326000,
    "costOfRevenue": 162642000,
    "grossProfit": 129684000,
    "grossProfitRatio": 0.4436280044,
    "researchAndDevelopmentExpenses": 24093000,
    "generalAndAdministrativeExpenses": 17446000,
    "sellingAndMarketingExpenses": 16465000,
    "sellingGeneralAndAdministrativeExpenses": 33911000,
    "otherExpenses": -1260000,
    "operatingExpenses": 58004000,
    "costAndExpenses": 220646000,
    "interestIncome": 4580000,
    "interestExpense": 1325000,
    "depreciationAndAmortization": 3230000,
    "ebitda": 74910000,
    "ebitdaratio": 0.2565628784,
    "operatingIncome": 71680000,
    "operatingIncomeRatio": 0.245205695,
    "totalOtherIncomeExpensesNet": 1995000,
    "incomeBeforeTax": 73675000,
    "incomeBeforeTaxRatio": 0.2520302676,
    "incomeTaxExpense": 7744000,
    "netIncome": 65931000,
    "netIncomeRatio": 0.2255392952,
    "eps": 2.01,
    "epsdiluted": 1.99,
    "weightedAverageShsOut": 32807000,
    "weightedAverageShsOutDil": 33159000,
    "link": "https://www.sec.gov/Archives/edgar/data/1113232/000155837023017452/0001558370-23-017452-index.htm",
    "finalLink": "https://www.sec.gov/Archives/edgar/data/1113232/000155837023017452/acls-20230930x10q.htm"
  },
  {
    "date": "2023-06-30",
    "symbol": "ACLS",
    "reportedCurrency": "USD",
    "cik": "0001113232",
    "fillingDate": "2023-08-03",
    "acceptedDate": "2023-08-03 13:09:11",
    "calendarYear": "2023",
    "period": "Q2",
    "revenue": 273970000,
    "costOfRevenue": 154267000,
    "grossProfit": 119703000,
    "grossProfitRatio": 0.4369201007,
    "researchAndDevelopmentExpenses": 24130000,
    "generalAndAdministrativeExpenses": 16328000,
    "sellingAndMarketingExpenses": 15537000,
    "sellingGeneralAndAdministrativeExpenses": 31865000,
    "otherExpenses": -2050000,
    "operatingExpenses": 55995000,
    "costAndExpenses": 210262000,
    "interestIncome": 4307000,
    "interestExpense": 1349000,
    "depreciationAndAmortization": 3158000,
    "ebitda": 66866000,
    "ebitdaratio": 0.2407745374,
    "operatingIncome": 63708000,
    "operatingIncomeRatio": 0.2325364091,
    "totalOtherIncomeExpensesNet": 908000,
    "incomeBeforeTax": 64616000,
    "incomeBeforeTaxRatio": 0.2358506406,
    "incomeTaxExpense": 3037000,
    "netIncome": 61579000,
    "netIncomeRatio": 0.2247654853,
    "eps": 1.88,
    "epsdiluted": 1.86,
    "weightedAverageShsOut": 32775000,
    "weightedAverageShsOutDil": 33189000,
    "link": "https://www.sec.gov/Archives/edgar/data/1113232/000155837023013134/0001558370-23-013134-index.htm",
    "finalLink": "https://www.sec.gov/Archives/edgar/data/1113232/000155837023013134/acls-20230630x10q.htm"
  },
  {
    "date": "2023-03-31",
    "symbol": "ACLS",
    "reportedCurrency": "USD",
    "cik": "0001113232",
    "fillingDate": "2023-05-05",
    "acceptedDate": "2023-05-05 16:34:48",
    "calendarYear": "2023",
    "period": "Q1",
    "revenue": 254020000,
    "costOfRevenue": 150001000,
    "grossProfit": 104019000,
    "grossProfitRatio": 0.4094913786,
    "researchAndDevelopmentExpenses": 23773000,
    "generalAndAdministrativeExpenses": 14745000,
    "sellingAndMarketingExpenses": 14144000,
    "sellingGeneralAndAdministrativeExpenses": 28889000,
    "otherExpenses": -1038000,
    "operatingExpenses": 52662000,
    "costAndExpenses": 202663000,
    "interestIncome": 3936000,
    "interestExpense": 1353000,
    "depreciationAndAmortization": 3100000,
    "ebitda": 54457000,
    "ebitdaratio": 0.2135855444,
    "operatingIncome": 51357000,
    "operatingIncomeRatio": 0.2021769939,
    "totalOtherIncomeExpensesNet": 1545000,
    "incomeBeforeTax": 52902000,
    "incomeBeforeTaxRatio": 0.2082591922,
    "incomeTaxExpense": 5205000,
    "netIncome": 47697000,
    "netIncomeRatio": 0.1877686796,
    "eps": 1.46,
    "epsdiluted": 1.43,
    "weightedAverageShsOut": 32744000,
    "weightedAverageShsOutDil": 33293000,
    "link": "https://www.sec.gov/Archives/edgar/data/1113232/000155837023008317/0001558370-23-008317-index.htm",
    "finalLink": "https://www.sec.gov/Archives/edgar/data/1113232/000155837023008317/acls-20230331x10q.htm"
  },
  {
    "date": "2022-12-31",
    "symbol": "ACLS",
    "reportedCurrency": "USD",
    "cik": "0001113232",
    "fillingDate": "2023-02-24",
    "acceptedDate": "2023-02-24 12:44:49",
    "calendarYear": "2022",
    "period": "Q4",
    "revenue": 266051000,
    "costOfRevenue": 156530000,
    "grossProfit": 109521000,
    "grossProfitRatio": 0.4116541565,
    "researchAndDevelopmentExpenses": 22089000,
    "generalAndAdministrativeExpenses": 16311000,
    "sellingAndMarketingExpenses": 15032000,
    "sellingGeneralAndAdministrativeExpenses": 31343000,
    "otherExpenses": 8189000,
    "operatingExpenses": 53432000,
    "costAndExpenses": 209962000,
    "interestIncome": 2993000,
    "interestExpense": 1475000,
    "depreciationAndAmortization": 2993000,
    "ebitda": 70264000,
    "ebitdaratio": 0.2528500175,
    "operatingIncome": 56089000,
    "operatingIncomeRatio": 0.2108204818,
    "totalOtherIncomeExpensesNet": 9707000,
    "incomeBeforeTax": 65796000,
    "incomeBeforeTaxRatio": 0.2473059677,
    "incomeTaxExpense": 8804000,
    "netIncome": 56992000,
    "netIncomeRatio": 0.2142145679,
    "eps": 1.74,
    "epsdiluted": 1.71,
    "weightedAverageShsOut": 32823000,
    "weightedAverageShsOutDil": 33262000,
    "link": "https://www.sec.gov/Archives/edgar/data/1113232/000155837023002006/0001558370-23-002006-index.htm",
    "finalLink": "https://www.sec.gov/Archives/edgar/data/1113232/000155837023002006/acls-20221231x10k.htm"
  },
  {
    "date": "2022-09-30",
    "symbol": "ACLS",
    "reportedCurrency": "USD",
    "cik": "0001113232",
    "fillingDate": "2022-11-03",
    "acceptedDate": "2022-11-03 17:12:28",
    "calendarYear": "2022",
    "period": "Q3",
    "revenue": 229175000,
    "costOfRevenue": 125854000,
    "grossProfit": 103321000,
    "grossProfitRatio": 0.4508388786,
    "researchAndDevelopmentExpenses": 20563000,
    "generalAndAdministrativeExpenses": 14983000,
    "sellingAndMarketingExpenses": 14573000,
    "sellingGeneralAndAdministrativeExpenses": 29556000,
    "otherExpenses": -7971000,
    "operatingExpenses": 50119000,
    "costAndExpenses": 175973000,
    "interestIncome": 1111000,
    "interestExpense": 1333000,
    "depreciationAndAmortization": 2890000,
    "ebitda": 56092000,
    "ebitdaratio": 0.2022122832,
    "operatingIncome": 53202000,
    "operatingIncomeRatio": 0.2321457402,
    "totalOtherIncomeExpensesNet": -8193000,
    "incomeBeforeTax": 45009000,
    "incomeBeforeTaxRatio": 0.1963957674,
    "incomeTaxExpense": 4726000,
    "netIncome": 40283000,
    "netIncomeRatio": 0.1757739719,
    "eps": 1.22,
    "epsdiluted": 1.21,
    "weightedAverageShsOut": 33011000,
    "weightedAverageShsOutDil": 33389000,
    "link": "https://www.sec.gov/Archives/edgar/data/1113232/000155837022016292/0001558370-22-016292-index.htm",
    "finalLink": "https://www.sec.gov/Archives/edgar/data/1113232/000155837022016292/acls-20220930x10q.htm"
  },
  {
    "date": "2022-06-30",
    "symbol": "ACLS",
    "reportedCurrency": "USD",
    "cik": "0001113232",
    "fillingDate": "2022-08-04",
    "acceptedDate": "2022-08-04 12:21:17",
    "calendarYear": "2022",
    "period": "Q2",
    "revenue": 221177000,
    "costOfRevenue": 121996000,
    "grossProfit": 99181000,
    "grossProfitRatio": 0.4484236607,
    "researchAndDevelopmentExpenses": 18731000,
    "generalAndAdministrativeExpenses": 13602000,
    "sellingAndMarketingExpenses": 12703000,
    "sellingGeneralAndAdministrativeExpenses": 26305000,
    "otherExpenses": -5051000,
    "operatingExpenses": 45036000,
    "costAndExpenses": 167032000,
    "interestIncome": 352000,
    "interestExpense": 1250000,
    "depreciationAndAmortization": 2876000,
    "ebitda": 57021000,
    "ebitdaratio": 0.2235585074,
    "operatingIncome": 54145000,
    "operatingIncomeRatio": 0.2448039353,
    "totalOtherIncomeExpensesNet": -5949000,
    "incomeBeforeTax": 48196000,
    "incomeBeforeTaxRatio": 0.2179069252,
    "incomeTaxExpense": 4007000,
    "netIncome": 44189000,
    "netIncomeRatio": 0.1997902133,
    "eps": 1.34,
    "epsdiluted": 1.32,
    "weightedAverageShsOut": 33096000,
    "weightedAverageShsOutDil": 33562000,
    "link": "https://www.sec.gov/Archives/edgar/data/1113232/000155837022012118/0001558370-22-012118-index.htm",
    "finalLink": "https://www.sec.gov/Archives/edgar/data/1113232/000155837022012118/acls-20220630x10q.htm"
  },
  {
    "date": "2022-03-31",
    "symbol": "ACLS",
    "reportedCurrency": "USD",
    "cik": "0001113232",
    "fillingDate": "2022-05-05",
    "acceptedDate": "2022-05-05 14:07:09",
    "calendarYear": "2022",
    "period": "Q1",
    "revenue": 203595000,
    "costOfRevenue": 113829000,
    "grossProfit": 89766000,
    "grossProfitRatio": 0.4409047373,
    "researchAndDevelopmentExpenses": 16973000,
    "generalAndAdministrativeExpenses": 12579000,
    "sellingAndMarketingExpenses": 11291000,
    "sellingGeneralAndAdministrativeExpenses": 23870000,
    "otherExpenses": -1617000,
    "operatingExpenses": 40843000,
    "costAndExpenses": 154672000,
    "interestIncome": 95000,
    "interestExpense": 1518000,
    "depreciationAndAmortization": 2848000,
    "ebitda": 51771000,
    "ebitdaratio": 0.2328200594,
    "operatingIncome": 48923000,
    "operatingIncomeRatio": 0.2402956851,
    "totalOtherIncomeExpensesNet": -3040000,
    "incomeBeforeTax": 45883000,
    "incomeBeforeTaxRatio": 0.2253640807,
    "incomeTaxExpense": 4269000,
    "netIncome": 41614000,
    "netIncomeRatio": 0.2043959822,
    "eps": 1.25,
    "epsdiluted": 1.22,
    "weightedAverageShsOut": 33245000,
    "weightedAverageShsOutDil": 33974000,
    "link": "https://www.sec.gov/Archives/edgar/data/1113232/000155837022007307/0001558370-22-007307-index.htm",
    "finalLink": "https://www.sec.gov/Archives/edgar/data/1113232/000155837022007307/acls-20220331x10q.htm"
  },
  {
    "date": "2021-12-31",
    "symbol": "ACLS",
    "reportedCurrency": "USD",
    "cik": "0001113232",
    "fillingDate": "2022-02-25",
    "acceptedDate": "2022-02-25 12:41:09",
    "calendarYear": "2021",
    "period": "Q4",
    "revenue": 205684000,
    "costOfRevenue": 116200000,
    "grossProfit": 89484000,
    "grossProfitRatio": 0.4350557165,
    "researchAndDevelopmentExpenses": 16416000,
    "generalAndAdministrativeExpenses": 12915000,
    "sellingAndMarketingExpenses": 13569000,
    "sellingGeneralAndAdministrativeExpenses": 26484000,
    "otherExpenses": -140000,
    "operatingExpenses": 42900000,
    "costAndExpenses": 159100000,
    "interestIncome": 85000,
    "interestExpense": 1263000,
    "depreciationAndAmortization": 2825000,
    "ebitda": 49354000,
    "ebitdaratio": 0.2262159429,
    "operatingIncome": 46584000,
    "operatingIncomeRatio": 0.2264833434,
    "totalOtherIncomeExpensesNet": -1318000,
    "incomeBeforeTax": 45266000,
    "incomeBeforeTaxRatio": 0.2200754556,
    "incomeTaxExpense": 9517000,
    "netIncome": 35749000,
    "netIncomeRatio": 0.1738054491,
    "eps": 1.07,
    "epsdiluted": 1.05,
    "weightedAverageShsOut": 33295000,
    "weightedAverageShsOutDil": 34011000,
    "link": "https://www.sec.gov/Archives/edgar/data/1113232/000155837022002096/0001558370-22-002096-index.htm",
    "finalLink": "https://www.sec.gov/Archives/edgar/data/1113232/000155837022002096/acls-20211231x10k.htm"
  },
  {
    "date": "2021-09-30",
    "symbol": "ACLS",
    "reportedCurrency": "USD",
    "cik": "0001113232",
    "fillingDate": "2021-11-05",
    "acceptedDate": "2021-11-05 14:04:50",
    "calendarYear": "2021",
    "period": "Q3",
    "revenue": 176694000,
    "costOfRevenue": 100182000,
    "grossProfit": 76512000,
    "grossProfitRatio": 0.4330197969,
    "researchAndDevelopmentExpenses": 16707000,
    "generalAndAdministrativeExpenses": 11996000,
    "sellingAndMarketingExpenses": 11415000,
    "sellingGeneralAndAdministrativeExpenses": 23411000,
    "otherExpenses": -963000,
    "operatingExpenses": 40118000,
    "costAndExpenses": 140300000,
    "interestIncome": 51000,
    "interestExpense": 1269000,
    "depreciationAndAmortization": 2657000,
    "ebitda": 39051000,
    "ebitdaratio": 0.2008104406,
    "operatingIncome": 36394000,
    "operatingIncomeRatio": 0.2059719062,
    "totalOtherIncomeExpensesNet": -2181000,
    "incomeBeforeTax": 34213000,
    "incomeBeforeTaxRatio": 0.1936285329,
    "incomeTaxExpense": 6698000,
    "netIncome": 27515000,
    "netIncomeRatio": 0.1557211903,
    "eps": 0.82,
    "epsdiluted": 0.81,
    "weightedAverageShsOut": 33537000,
    "weightedAverageShsOutDil": 34089000,
    "link": "https://www.sec.gov/Archives/edgar/data/1113232/000155837021014801/0001558370-21-014801-index.htm",
    "finalLink": "https://www.sec.gov/Archives/edgar/data/1113232/000155837021014801/acls-20210930x10q.htm"
  },
  {
    "date": "2021-06-30",
    "symbol": "ACLS",
    "reportedCurrency": "USD",
    "cik": "0001113232",
    "fillingDate": "2021-08-06",
    "acceptedDate": "2021-08-06 10:52:40",
    "calendarYear": "2021",
    "period": "Q2",
    "revenue": 147274000,
    "costOfRevenue": 83260000,
    "grossProfit": 64014000,
    "grossProfitRatio": 0.4346592066,
    "researchAndDevelopmentExpenses": 16623000,
    "generalAndAdministrativeExpenses": 11217000,
    "sellingAndMarketingExpenses": 12177000,
    "sellingGeneralAndAdministrativeExpenses": 23394000,
    "otherExpenses": -15000,
    "operatingExpenses": 40017000,
    "costAndExpenses": 123277000,
    "interestIncome": 40000,
    "interestExpense": 1274000,
    "depreciationAndAmortization": 2691000,
    "ebitda": 26688000,
    "ebitdaratio": 0.1631109361,
    "operatingIncome": 23997000,
    "operatingIncomeRatio": 0.1629411845,
    "totalOtherIncomeExpensesNet": -1249000,
    "incomeBeforeTax": 22748000,
    "incomeBeforeTaxRatio": 0.1544603936,
    "incomeTaxExpense": 3842000,
    "netIncome": 18906000,
    "netIncomeRatio": 0.1283729647,
    "eps": 0.56,
    "epsdiluted": 0.55,
    "weightedAverageShsOut": 33677000,
    "weightedAverageShsOutDil": 34311000,
    "link": "https://www.sec.gov/Archives/edgar/data/1113232/000155837021010725/0001558370-21-010725-index.htm",
    "finalLink": "https://www.sec.gov/Archives/edgar/data/1113232/000155837021010725/acls-20210630x10q.htm"
  },
  {
    "date": "2021-03-31",
    "symbol": "ACLS",
    "reportedCurrency": "USD",
    "cik": "0001113232",
    "fillingDate": "2021-05-06",
    "acceptedDate": "2021-05-06 10:45:50",
    "calendarYear": "2021",
    "period": "Q1",
    "revenue": 132776000,
    "costOfRevenue": 76341000,
    "grossProfit": 56435000,
    "grossProfitRatio": 0.4250391637,
    "researchAndDevelopmentExpenses": 15685000,
    "generalAndAdministrativeExpenses": 10013000,
    "sellingAndMarketingExpenses": 10387000,
    "sellingGeneralAndAdministrativeExpenses": 20400000,
    "otherExpenses": -1153000,
    "operatingExpenses": 36085000,
    "costAndExpenses": 112426000,
    "interestIncome": 33000,
    "interestExpense": 1029000,
    "depreciationAndAmortization": 2645000,
    "ebitda": 22995000,
    "ebitdaratio": 0.144830391,
    "operatingIncome": 20350000,
    "operatingIncomeRatio": 0.1532656504,
    "totalOtherIncomeExpensesNet": -2149000,
    "incomeBeforeTax": 18201000,
    "incomeBeforeTaxRatio": 0.1370804965,
    "incomeTaxExpense": 1721000,
    "netIncome": 16480000,
    "netIncomeRatio": 0.1241188167,
    "eps": 0.49,
    "epsdiluted": 0.48,
    "weightedAverageShsOut": 33715000,
    "weightedAverageShsOutDil": 34643000,
    "link": "https://www.sec.gov/Archives/edgar/data/1113232/000155837021006110/0001558370-21-006110-index.htm",
    "finalLink": "https://www.sec.gov/Archives/edgar/data/1113232/000155837021006110/acls-20210331x10q.htm"
  },
  {
    "date": "2020-12-31",
    "symbol": "ACLS",
    "reportedCurrency": "USD",
    "cik": "0001113232",
    "fillingDate": "2021-02-26",
    "acceptedDate": "2021-02-26 14:06:44",
    "calendarYear": "2020",
    "period": "Q4",
    "revenue": 122199000,
    "costOfRevenue": 69224000,
    "grossProfit": 52975000,
    "grossProfitRatio": 0.4335141859,
    "researchAndDevelopmentExpenses": 16320000,
    "generalAndAdministrativeExpenses": 11238000,
    "sellingAndMarketingExpenses": 11342000,
    "sellingGeneralAndAdministrativeExpenses": 22580000,
    "otherExpenses": 1617000,
    "operatingExpenses": 38900000,
    "costAndExpenses": 108124000,
    "interestIncome": 80000,
    "interestExpense": 1313000,
    "depreciationAndAmortization": 2593000,
    "ebitda": 18365000,
    "ebitdaratio": 0.1290681593,
    "operatingIncome": 14075000,
    "operatingIncomeRatio": 0.1151809753,
    "totalOtherIncomeExpensesNet": 384000,
    "incomeBeforeTax": 14459000,
    "incomeBeforeTaxRatio": 0.1183233905,
    "incomeTaxExpense": -215000,
    "netIncome": 14674000,
    "netIncomeRatio": 0.1200828157,
    "eps": 0.44,
    "epsdiluted": 0.43,
    "weightedAverageShsOut": 33548000,
    "weightedAverageShsOutDil": 34318000,
    "link": "https://www.sec.gov/Archives/edgar/data/1113232/000155837021001972/0001558370-21-001972-index.htm",
    "finalLink": "https://www.sec.gov/Archives/edgar/data/1113232/000155837021001972/acls-20201231x10k.htm"
  },
  {
    "date": "2020-09-30",
    "symbol": "ACLS",
    "reportedCurrency": "USD",
    "cik": "0001113232",
    "fillingDate": "2020-11-06",
    "acceptedDate": "2020-11-06 14:22:29",
    "calendarYear": "2020",
    "period": "Q3",
    "revenue": 110405000,
    "costOfRevenue": 62244000,
    "grossProfit": 48161000,
    "grossProfitRatio": 0.4362211856,
    "researchAndDevelopmentExpenses": 14867000,
    "generalAndAdministrativeExpenses": 9649000,
    "sellingAndMarketingExpenses": 9763000,
    "sellingGeneralAndAdministrativeExpenses": 19412000,
    "otherExpenses": 900000,
    "operatingExpenses": 34279000,
    "costAndExpenses": 96523000,
    "interestIncome": 106000,
    "interestExpense": 1296000,
    "depreciationAndAmortization": 2517000,
    "ebitda": 16399000,
    "ebitdaratio": 0.1348489652,
    "operatingIncome": 13882000,
    "operatingIncomeRatio": 0.125737059,
    "totalOtherIncomeExpensesNet": -290000,
    "incomeBeforeTax": 13592000,
    "incomeBeforeTaxRatio": 0.1231103664,
    "incomeTaxExpense": 2807000,
    "netIncome": 10785000,
    "netIncomeRatio": 0.0976857932,
    "eps": 0.32,
    "epsdiluted": 0.32,
    "weightedAverageShsOut": 33477000,
    "weightedAverageShsOutDil": 34174000,
    "link": "https://www.sec.gov/Archives/edgar/data/1113232/000155837020013115/0001558370-20-013115-index.htm",
    "finalLink": "https://www.sec.gov/Archives/edgar/data/1113232/000155837020013115/acls-20200930x10q.htm"
  },
  {
    "date": "2020-06-30",
    "symbol": "ACLS",
    "reportedCurrency": "USD",
    "cik": "0001113232",
    "fillingDate": "2020-08-05",
    "acceptedDate": "2020-08-05 12:40:07",
    "calendarYear": "2020",
    "period": "Q2",
    "revenue": 122965000,
    "costOfRevenue": 71066000,
    "grossProfit": 51899000,
    "grossProfitRatio": 0.4220631887,
    "researchAndDevelopmentExpenses": 16040000,
    "generalAndAdministrativeExpenses": 10041000,
    "sellingAndMarketingExpenses": 9437000,
    "sellingGeneralAndAdministrativeExpenses": 19478000,
    "otherExpenses": 421000,
    "operatingExpenses": 35518000,
    "costAndExpenses": 106584000,
    "interestIncome": 70000,
    "interestExpense": 1299000,
    "depreciationAndAmortization": 2466000,
    "ebitda": 18847000,
    "ebitdaratio": 0.1372097751,
    "operatingIncome": 16381000,
    "operatingIncomeRatio": 0.133216769,
    "totalOtherIncomeExpensesNet": -808000,
    "incomeBeforeTax": 15573000,
    "incomeBeforeTaxRatio": 0.1266457935,
    "incomeTaxExpense": 2271000,
    "netIncome": 13302000,
    "netIncomeRatio": 0.1081771236,
    "eps": 0.4,
    "epsdiluted": 0.39,
    "weightedAverageShsOut": 33116000,
    "weightedAverageShsOutDil": 33958000,
    "link": "https://www.sec.gov/Archives/edgar/data/1113232/000155837020009324/0001558370-20-009324-index.htm",
    "finalLink": "https://www.sec.gov/Archives/edgar/data/1113232/000155837020009324/acls-20200630x10q.htm"
  },
  {
    "date": "2020-03-31",
    "symbol": "ACLS",
    "reportedCurrency": "USD",
    "cik": "0001113232",
    "fillingDate": "2020-05-06",
    "acceptedDate": "2020-05-06 11:46:59",
    "calendarYear": "2020",
    "period": "Q1",
    "revenue": 118991000,
    "costOfRevenue": 73442000,
    "grossProfit": 45549000,
    "grossProfitRatio": 0.3827936567,
    "researchAndDevelopmentExpenses": 14606000,
    "generalAndAdministrativeExpenses": 9036000,
    "sellingAndMarketingExpenses": 8204000,
    "sellingGeneralAndAdministrativeExpenses": 17240000,
    "otherExpenses": -620000,
    "operatingExpenses": 31846000,
    "costAndExpenses": 105288000,
    "interestIncome": 482000,
    "interestExpense": 1303000,
    "depreciationAndAmortization": 2363000,
    "ebitda": 15928000,
    "ebitdaratio": 0.1140002185,
    "operatingIncome": 13703000,
    "operatingIncomeRatio": 0.1151599701,
    "totalOtherIncomeExpensesNet": -1441000,
    "incomeBeforeTax": 12262000,
    "incomeBeforeTaxRatio": 0.1030498105,
    "incomeTaxExpense": 1041000,
    "netIncome": 11221000,
    "netIncomeRatio": 0.0943012497,
    "eps": 0.34,
    "epsdiluted": 0.33,
    "weightedAverageShsOut": 32872000,
    "weightedAverageShsOutDil": 34057000,
    "link": "https://www.sec.gov/Archives/edgar/data/1113232/000155837020005335/0001558370-20-005335-index.htm",
    "finalLink": "https://www.sec.gov/Archives/edgar/data/1113232/000155837020005335/acls-20200331x10q.htm"
  },
  {
    "date": "2019-12-31",
    "symbol": "ACLS",
    "reportedCurrency": "USD",
    "cik": "0001113232",
    "fillingDate": "2020-03-02",
    "acceptedDate": "2020-03-02 14:08:32",
    "calendarYear": "2019",
    "period": "Q4",
    "revenue": 107723000,
    "costOfRevenue": 63407000,
    "grossProfit": 44316000,
    "grossProfitRatio": 0.4113884686,
    "researchAndDevelopmentExpenses": 13596000,
    "generalAndAdministrativeExpenses": 8629000,
    "sellingAndMarketingExpenses": 8879000,
    "sellingGeneralAndAdministrativeExpenses": 17508000,
    "otherExpenses": 169000,
    "operatingExpenses": 31104000,
    "costAndExpenses": 94511000,
    "interestIncome": 582000,
    "interestExpense": 1306000,
    "depreciationAndAmortization": 2297000,
    "ebitda": 16260000,
    "ebitdaratio": 0.129619487,
    "operatingIncome": 13212000,
    "operatingIncomeRatio": 0.1226479025,
    "totalOtherIncomeExpensesNet": -555000,
    "incomeBeforeTax": 12657000,
    "incomeBeforeTaxRatio": 0.1174957994,
    "incomeTaxExpense": 2945000,
    "netIncome": 9712000,
    "netIncomeRatio": 0.0901571624,
    "eps": 0.3,
    "epsdiluted": 0.29,
    "weightedAverageShsOut": 32485000,
    "weightedAverageShsOutDil": 33848000,
    "link": "https://www.sec.gov/Archives/edgar/data/1113232/000155837020001858/0001558370-20-001858-index.htm",
    "finalLink": "https://www.sec.gov/Archives/edgar/data/1113232/000155837020001858/acls-20191231x10k.htm"
  },
  {
    "date": "2019-09-30",
    "symbol": "ACLS",
    "reportedCurrency": "USD",
    "cik": "0001113232",
    "fillingDate": "2019-11-07",
    "acceptedDate": "2019-11-07 10:50:03",
    "calendarYear": "2019",
    "period": "Q3",
    "revenue": 69453000,
    "costOfRevenue": 38872000,
    "grossProfit": 30581000,
    "grossProfitRatio": 0.4403121535,
    "researchAndDevelopmentExpenses": 12930000,
    "generalAndAdministrativeExpenses": 7707000,
    "sellingAndMarketingExpenses": 8057000,
    "sellingGeneralAndAdministrativeExpenses": 15764000,
    "otherExpenses": -890000,
    "operatingExpenses": 28694000,
    "costAndExpenses": 67566000,
    "interestIncome": 687000,
    "interestExpense": 1308000,
    "depreciationAndAmortization": 1983000,
    "ebitda": 3870000,
    "ebitdaratio": 0.0242466128,
    "operatingIncome": 1887000,
    "operatingIncomeRatio": 0.0271694527,
    "totalOtherIncomeExpensesNet": -1511000,
    "incomeBeforeTax": 376000,
    "incomeBeforeTaxRatio": 0.005413733,
    "incomeTaxExpense": -328000,
    "netIncome": 704000,
    "netIncomeRatio": 0.0101363512,
    "eps": 0.02,
    "epsdiluted": 0.02,
    "weightedAverageShsOut": 32344000,
    "weightedAverageShsOutDil": 33323000,
    "link": "https://www.sec.gov/Archives/edgar/data/1113232/000155837019010306/0001558370-19-010306-index.htm",
    "finalLink": "https://www.sec.gov/Archives/edgar/data/1113232/000155837019010306/acls-20190930x10q.htm"
  },
  {
    "date": "2019-06-30",
    "symbol": "ACLS",
    "reportedCurrency": "USD",
    "cik": "0001113232",
    "fillingDate": "2019-08-07",
    "acceptedDate": "2019-08-07 11:56:48",
    "calendarYear": "2019",
    "period": "Q2",
    "revenue": 74305000,
    "costOfRevenue": 42556000,
    "grossProfit": 31749000,
    "grossProfitRatio": 0.4272794563,
    "researchAndDevelopmentExpenses": 13720000,
    "generalAndAdministrativeExpenses": 7583000,
    "sellingAndMarketingExpenses": 8436000,
    "sellingGeneralAndAdministrativeExpenses": 16019000,
    "otherExpenses": -189000,
    "operatingExpenses": 29739000,
    "costAndExpenses": 72295000,
    "interestIncome": 845000,
    "interestExpense": 1311000,
    "depreciationAndAmortization": 1985000,
    "ebitda": 4651000,
    "ebitdaratio": 0.0358791468,
    "operatingIncome": 2010000,
    "operatingIncomeRatio": 0.0270506695,
    "totalOtherIncomeExpensesNet": -655000,
    "incomeBeforeTax": 1355000,
    "incomeBeforeTaxRatio": 0.0182356504,
    "incomeTaxExpense": 799000,
    "netIncome": 556000,
    "netIncomeRatio": 0.0074826728,
    "eps": 0.02,
    "epsdiluted": 0.02,
    "weightedAverageShsOut": 32729000,
    "weightedAverageShsOutDil": 33901000,
    "link": "https://www.sec.gov/Archives/edgar/data/1113232/000155837019007396/0001558370-19-007396-index.htm",
    "finalLink": "https://www.sec.gov/Archives/edgar/data/1113232/000155837019007396/acls-20190630x10q.htm"
  },
  {
    "date": "2019-03-31",
    "symbol": "ACLS",
    "reportedCurrency": "USD",
    "cik": "0001113232",
    "fillingDate": "2019-05-08",
    "acceptedDate": "2019-05-08 13:51:26",
    "calendarYear": "2019",
    "period": "Q1",
    "revenue": 91477000,
    "costOfRevenue": 53971000,
    "grossProfit": 37506000,
    "grossProfitRatio": 0.4100047006,
    "researchAndDevelopmentExpenses": 13685000,
    "generalAndAdministrativeExpenses": 7807000,
    "sellingAndMarketingExpenses": 8918000,
    "sellingGeneralAndAdministrativeExpenses": 16725000,
    "otherExpenses": -173000,
    "operatingExpenses": 30410000,
    "costAndExpenses": 84381000,
    "interestIncome": 841000,
    "interestExpense": 1230000,
    "depreciationAndAmortization": 1615000,
    "ebitda": 9379000,
    "ebitdaratio": 0.1025285044,
    "operatingIncome": 7096000,
    "operatingIncomeRatio": 0.0775714114,
    "totalOtherIncomeExpensesNet": -562000,
    "incomeBeforeTax": 6534000,
    "incomeBeforeTaxRatio": 0.0714277906,
    "incomeTaxExpense": 472000,
    "netIncome": 6062000,
    "netIncomeRatio": 0.0662680237,
    "eps": 0.19,
    "epsdiluted": 0.18,
    "weightedAverageShsOut": 32683000,
    "weightedAverageShsOutDil": 34224000,
    "link": "https://www.sec.gov/Archives/edgar/data/1113232/000155837019004413/0001558370-19-004413-index.htm",
    "finalLink": "https://www.sec.gov/Archives/edgar/data/1113232/000155837019004413/acls-20190331x10q.htm"
  },
  {
    "date": "2018-12-31",
    "symbol": "ACLS",
    "reportedCurrency": "USD",
    "cik": "0001113232",
    "fillingDate": "2019-03-11",
    "acceptedDate": "2019-03-11 17:18:36",
    "calendarYear": "2018",
    "period": "Q4",
    "revenue": 105683000,
    "costOfRevenue": 62116000,
    "grossProfit": 43567000,
    "grossProfitRatio": 0.4122422717,
    "researchAndDevelopmentExpenses": 14245000,
    "generalAndAdministrativeExpenses": 8438000,
    "sellingAndMarketingExpenses": 9362000,
    "sellingGeneralAndAdministrativeExpenses": 17800000,
    "otherExpenses": -762000,
    "operatingExpenses": 32045000,
    "costAndExpenses": 94161000,
    "interestIncome": 810000,
    "interestExpense": 1323000,
    "depreciationAndAmortization": 1564000,
    "ebitda": 13134000,
    "ebitdaratio": 0.1094783456,
    "operatingIncome": 11522000,
    "operatingIncomeRatio": 0.1090241571,
    "totalOtherIncomeExpensesNet": -1275000,
    "incomeBeforeTax": 10247000,
    "incomeBeforeTaxRatio": 0.0969597759,
    "incomeTaxExpense": 1784000,
    "netIncome": 8463000,
    "netIncomeRatio": 0.0800791045,
    "eps": 0.26,
    "epsdiluted": 0.25,
    "weightedAverageShsOut": 32467000,
    "weightedAverageShsOutDil": 33886000,
    "link": "https://www.sec.gov/Archives/edgar/data/1113232/000155837019001791/0001558370-19-001791-index.htm",
    "finalLink": "https://www.sec.gov/Archives/edgar/data/1113232/000155837019001791/acls-20181231x10k.htm"
  },
  {
    "date": "2018-09-30",
    "symbol": "ACLS",
    "reportedCurrency": "USD",
    "cik": "0001113232",
    "fillingDate": "2018-11-02",
    "acceptedDate": "2018-11-02 10:50:20",
    "calendarYear": "2018",
    "period": "Q3",
    "revenue": 95374000,
    "costOfRevenue": 55461000,
    "grossProfit": 39913000,
    "grossProfitRatio": 0.4184893157,
    "researchAndDevelopmentExpenses": 12845000,
    "generalAndAdministrativeExpenses": 8477000,
    "sellingAndMarketingExpenses": 7923000,
    "sellingGeneralAndAdministrativeExpenses": 16400000,
    "otherExpenses": -592000,
    "operatingExpenses": 29245000,
    "costAndExpenses": 84706000,
    "interestIncome": 593000,
    "interestExpense": 1323000,
    "depreciationAndAmortization": 1432000,
    "ebitda": 12101000,
    "ebitdaratio": 0.126879443,
    "operatingIncome": 10668000,
    "operatingIncomeRatio": 0.1118543838,
    "totalOtherIncomeExpensesNet": -1322000,
    "incomeBeforeTax": 9346000,
    "incomeBeforeTaxRatio": 0.0979931638,
    "incomeTaxExpense": 508000,
    "netIncome": 8838000,
    "netIncomeRatio": 0.0926667645,
    "eps": 0.27,
    "epsdiluted": 0.26,
    "weightedAverageShsOut": 32365000,
    "weightedAverageShsOutDil": 33973000,
    "link": "https://www.sec.gov/Archives/edgar/data/1113232/000155837018008325/0001558370-18-008325-index.htm",
    "finalLink": "https://www.sec.gov/Archives/edgar/data/1113232/000155837018008325/acls-20180930x10q.htm"
  },
  {
    "date": "2018-06-30",
    "symbol": "ACLS",
    "reportedCurrency": "USD",
    "cik": "0001113232",
    "fillingDate": "2018-08-03",
    "acceptedDate": "2018-08-03 09:09:35",
    "calendarYear": "2018",
    "period": "Q2",
    "revenue": 119333000,
    "costOfRevenue": 70333000,
    "grossProfit": 49000000,
    "grossProfitRatio": 0.4106156721,
    "researchAndDevelopmentExpenses": 12553000,
    "generalAndAdministrativeExpenses": 8268000,
    "sellingAndMarketingExpenses": 8912000,
    "sellingGeneralAndAdministrativeExpenses": 17180000,
    "otherExpenses": -1016000,
    "operatingExpenses": 29733000,
    "costAndExpenses": 100066000,
    "interestIncome": 515000,
    "interestExpense": 1127000,
    "depreciationAndAmortization": 1328000,
    "ebitda": 20094000,
    "ebitdaratio": 0.1683859452,
    "operatingIncome": 19267000,
    "operatingIncomeRatio": 0.1614557583,
    "totalOtherIncomeExpensesNet": -1628000,
    "incomeBeforeTax": 17639000,
    "incomeBeforeTaxRatio": 0.147813262,
    "incomeTaxExpense": 2970000,
    "netIncome": 14669000,
    "netIncomeRatio": 0.1229249244,
    "eps": 0.46,
    "epsdiluted": 0.43,
    "weightedAverageShsOut": 32214000,
    "weightedAverageShsOutDil": 33942000,
    "link": "https://www.sec.gov/Archives/edgar/data/1113232/000155837018006300/0001558370-18-006300-index.htm",
    "finalLink": "https://www.sec.gov/Archives/edgar/data/1113232/000155837018006300/acls-20180630x10q.htm"
  },
  {
    "date": "2018-03-31",
    "symbol": "ACLS",
    "reportedCurrency": "USD",
    "cik": "0001113232",
    "fillingDate": "2018-05-04",
    "acceptedDate": "2018-05-04 13:38:43",
    "calendarYear": "2018",
    "period": "Q1",
    "revenue": 122185000,
    "costOfRevenue": 75029000,
    "grossProfit": 47156000,
    "grossProfitRatio": 0.3859393543,
    "researchAndDevelopmentExpenses": 12233000,
    "generalAndAdministrativeExpenses": 8010000,
    "sellingAndMarketingExpenses": 8411000,
    "sellingGeneralAndAdministrativeExpenses": 16421000,
    "otherExpenses": -102000,
    "operatingExpenses": 28654000,
    "costAndExpenses": 103683000,
    "interestIncome": 410000,
    "interestExpense": 1337000,
    "depreciationAndAmortization": 1448000,
    "ebitda": 20258000,
    "ebitdaratio": 0.1657977657,
    "operatingIncome": 18502000,
    "operatingIncomeRatio": 0.1514261161,
    "totalOtherIncomeExpensesNet": -1029000,
    "incomeBeforeTax": 17473000,
    "incomeBeforeTaxRatio": 0.1430044604,
    "incomeTaxExpense": 3558000,
    "netIncome": 13915000,
    "netIncomeRatio": 0.1138846831,
    "eps": 0.43,
    "epsdiluted": 0.41,
    "weightedAverageShsOut": 32094000,
    "weightedAverageShsOutDil": 34123000,
    "link": "https://www.sec.gov/Archives/edgar/data/1113232/000155837018003997/0001558370-18-003997-index.htm",
    "finalLink": "https://www.sec.gov/Archives/edgar/data/1113232/000155837018003997/acls-20180331x10q.htm"
  },
  {
    "date": "2017-12-31",
    "symbol": "ACLS",
    "reportedCurrency": "USD",
    "cik": "0001113232",
    "fillingDate": "2018-03-14",
    "acceptedDate": "2018-03-14 16:31:42",
    "calendarYear": "2017",
    "period": "Q4",
    "revenue": 116396000,
    "costOfRevenue": 79676000,
    "grossProfit": 36720000,
    "grossProfitRatio": 0.3154747586,
    "researchAndDevelopmentExpenses": 10917000,
    "generalAndAdministrativeExpenses": 7842000,
    "sellingAndMarketingExpenses": 7197000,
    "sellingGeneralAndAdministrativeExpenses": 15039000,
    "otherExpenses": 396000,
    "operatingExpenses": 25956000,
    "costAndExpenses": 105632000,
    "interestIncome": 315000,
    "interestExpense": 1337000,
    "depreciationAndAmortization": 1250000,
    "ebitda": 12014000,
    "ebitdaratio": 0.0985858621,
    "operatingIncome": 10764000,
    "operatingIncomeRatio": 0.0924774047,
    "totalOtherIncomeExpensesNet": -626000,
    "incomeBeforeTax": 10138000,
    "incomeBeforeTaxRatio": 0.087099213,
    "incomeTaxExpense": -81542000,
    "netIncome": 91680000,
    "netIncomeRatio": 0.7876559332,
    "eps": 2.88,
    "epsdiluted": 2.68,
    "weightedAverageShsOut": 31801000,
    "weightedAverageShsOutDil": 34198000,
    "link": "https://www.sec.gov/Archives/edgar/data/1113232/000155837018002060/0001558370-18-002060-index.htm",
    "finalLink": "https://www.sec.gov/Archives/edgar/data/1113232/000155837018002060/acls-20171231x10k.htm"
  },
  {
    "date": "2017-09-30",
    "symbol": "ACLS",
    "reportedCurrency": "USD",
    "cik": "0001113232",
    "fillingDate": "2017-11-03",
    "acceptedDate": "2017-11-03 11:08:32",
    "calendarYear": "2017",
    "period": "Q3",
    "revenue": 104482000,
    "costOfRevenue": 64731000,
    "grossProfit": 39751000,
    "grossProfitRatio": 0.3804578779,
    "researchAndDevelopmentExpenses": 11003000,
    "generalAndAdministrativeExpenses": 8112000,
    "sellingAndMarketingExpenses": 6801000,
    "sellingGeneralAndAdministrativeExpenses": 14913000,
    "otherExpenses": 138000,
    "operatingExpenses": 25916000,
    "costAndExpenses": 90647000,
    "interestIncome": 219000,
    "interestExpense": 1337000,
    "depreciationAndAmortization": 1320000,
    "ebitda": 15155000,
    "ebitdaratio": 0.1358320093,
    "operatingIncome": 13835000,
    "operatingIncomeRatio": 0.1324151528,
    "totalOtherIncomeExpensesNet": -980000,
    "incomeBeforeTax": 12855000,
    "incomeBeforeTaxRatio": 0.1230355468,
    "incomeTaxExpense": 1014000,
    "netIncome": 11841000,
    "netIncomeRatio": 0.1133305258,
    "eps": 0.38,
    "epsdiluted": 0.35,
    "weightedAverageShsOut": 31274000,
    "weightedAverageShsOutDil": 33524000,
    "link": "https://www.sec.gov/Archives/edgar/data/1113232/000155837017008078/0001558370-17-008078-index.htm",
    "finalLink": "https://www.sec.gov/Archives/edgar/data/1113232/000155837017008078/acls-20170930x10q.htm"
  },
  {
    "date": "2017-06-30",
    "symbol": "ACLS",
    "reportedCurrency": "USD",
    "cik": "0001113232",
    "fillingDate": "2017-08-04",
    "acceptedDate": "2017-08-04 12:01:17",
    "calendarYear": "2017",
    "period": "Q2",
    "revenue": 102790000,
    "costOfRevenue": 63728000,
    "grossProfit": 39062000,
    "grossProfitRatio": 0.3800175114,
    "researchAndDevelopmentExpenses": 11256000,
    "generalAndAdministrativeExpenses": 7791000,
    "sellingAndMarketingExpenses": 7485000,
    "sellingGeneralAndAdministrativeExpenses": 15276000,
    "otherExpenses": 16000,
    "operatingExpenses": 26532000,
    "costAndExpenses": 90260000,
    "interestIncome": 111000,
    "interestExpense": 1336000,
    "depreciationAndAmortization": 1255000,
    "ebitda": 13912000,
    "ebitdaratio": 0.135343905,
    "operatingIncome": 12530000,
    "operatingIncomeRatio": 0.1218990174,
    "totalOtherIncomeExpensesNet": -1209000,
    "incomeBeforeTax": 11321000,
    "incomeBeforeTaxRatio": 0.1101371729,
    "incomeTaxExpense": -2611000,
    "netIncome": 13932000,
    "netIncomeRatio": 0.1355384765,
    "eps": 0.46,
    "epsdiluted": 0.42,
    "weightedAverageShsOut": 30589000,
    "weightedAverageShsOutDil": 33168000,
    "link": "https://www.sec.gov/Archives/edgar/data/1113232/000155837017005928/0001558370-17-005928-index.htm",
    "finalLink": "https://www.sec.gov/Archives/edgar/data/1113232/000155837017005928/acls-20170630x10q.htm"
  },
  {
    "date": "2017-03-31",
    "symbol": "ACLS",
    "reportedCurrency": "USD",
    "cik": "0001113232",
    "fillingDate": "2017-05-05",
    "acceptedDate": "2017-05-05 09:53:26",
    "calendarYear": "2017",
    "period": "Q1",
    "revenue": 86893000,
    "costOfRevenue": 52179000,
    "grossProfit": 34714000,
    "grossProfitRatio": 0.3995028368,
    "researchAndDevelopmentExpenses": 9895000,
    "generalAndAdministrativeExpenses": 7057000,
    "sellingAndMarketingExpenses": 7049000,
    "sellingGeneralAndAdministrativeExpenses": 14106000,
    "otherExpenses": -154000,
    "operatingExpenses": 24001000,
    "costAndExpenses": 76180000,
    "interestIncome": 69000,
    "interestExpense": 1111000,
    "depreciationAndAmortization": 1177000,
    "ebitda": 11805000,
    "ebitdaratio": 0.1358567434,
    "operatingIncome": 10713000,
    "operatingIncomeRatio": 0.123289563,
    "totalOtherIncomeExpensesNet": -1196000,
    "incomeBeforeTax": 9517000,
    "incomeBeforeTaxRatio": 0.1095255084,
    "incomeTaxExpense": 11000,
    "netIncome": 9506000,
    "netIncomeRatio": 0.1093989159,
    "eps": 0.32,
    "epsdiluted": 0.29,
    "weightedAverageShsOut": 29772000,
    "weightedAverageShsOutDil": 32255000,
    "link": "https://www.sec.gov/Archives/edgar/data/1113232/000155837017003608/0001558370-17-003608-index.htm",
    "finalLink": "https://www.sec.gov/Archives/edgar/data/1113232/000155837017003608/acls-20170331x10q.htm"
  },
  {
    "date": "2016-12-31",
    "symbol": "ACLS",
    "reportedCurrency": "USD",
    "cik": "0001113232",
    "fillingDate": "2017-03-14",
    "acceptedDate": "2017-03-14 17:15:11",
    "calendarYear": "2016",
    "period": "Q4",
    "revenue": 69358000,
    "costOfRevenue": 42411000,
    "grossProfit": 26947000,
    "grossProfitRatio": 0.3885204302,
    "researchAndDevelopmentExpenses": 8795000,
    "generalAndAdministrativeExpenses": 6190000,
    "sellingAndMarketingExpenses": 6097000,
    "sellingGeneralAndAdministrativeExpenses": 12287000,
    "otherExpenses": -412000,
    "operatingExpenses": 21082000,
    "costAndExpenses": 63493000,
    "interestIncome": 77000,
    "interestExpense": 1346000,
    "depreciationAndAmortization": 1065000,
    "ebitda": 6930000,
    "ebitdaratio": 0.0797312495,
    "operatingIncome": 5865000,
    "operatingIncomeRatio": 0.0845612619,
    "totalOtherIncomeExpensesNet": -1681000,
    "incomeBeforeTax": 4184000,
    "incomeBeforeTaxRatio": 0.0603246922,
    "incomeTaxExpense": 219000,
    "netIncome": 3965000,
    "netIncomeRatio": 0.0571671617,
    "eps": 0.13,
    "epsdiluted": 0.13,
    "weightedAverageShsOut": 29423000,
    "weightedAverageShsOutDil": 31436000,
    "link": "https://www.sec.gov/Archives/edgar/data/1113232/000155837017001778/0001558370-17-001778-index.htm",
    "finalLink": "https://www.sec.gov/Archives/edgar/data/1113232/000155837017001778/acls-20161231x10k.htm"
  },
  {
    "date": "2016-09-30",
    "symbol": "ACLS",
    "reportedCurrency": "USD",
    "cik": "0001113232",
    "fillingDate": "2016-11-03",
    "acceptedDate": "2016-11-03 09:45:14",
    "calendarYear": "2016",
    "period": "Q3",
    "revenue": 65650000,
    "costOfRevenue": 41546000,
    "grossProfit": 24104000,
    "grossProfitRatio": 0.3671591775,
    "researchAndDevelopmentExpenses": 8493000,
    "generalAndAdministrativeExpenses": 5988000,
    "sellingAndMarketingExpenses": 5992000,
    "sellingGeneralAndAdministrativeExpenses": 11980000,
    "otherExpenses": -55000,
    "operatingExpenses": 20473000,
    "costAndExpenses": 62019000,
    "interestIncome": 53000,
    "interestExpense": 1342000,
    "depreciationAndAmortization": 1132000,
    "ebitda": 4761000,
    "ebitdaratio": 0.0725209444,
    "operatingIncome": 3631000,
    "operatingIncomeRatio": 0.0553084539,
    "totalOtherIncomeExpensesNet": -1344000,
    "incomeBeforeTax": 2287000,
    "incomeBeforeTaxRatio": 0.0348362529,
    "incomeTaxExpense": 136000,
    "netIncome": 2151000,
    "netIncomeRatio": 0.0327646611,
    "eps": 0.07,
    "epsdiluted": 0.07,
    "weightedAverageShsOut": 29221000,
    "weightedAverageShsOutDil": 31037000,
    "link": "https://www.sec.gov/Archives/edgar/data/1113232/000155837016009157/0001558370-16-009157-index.htm",
    "finalLink": "https://www.sec.gov/Archives/edgar/data/1113232/000155837016009157/acls-20160930x10q.htm"
  },
  {
    "date": "2016-06-30",
    "symbol": "ACLS",
    "reportedCurrency": "USD",
    "cik": "0001113232",
    "fillingDate": "2016-08-08",
    "acceptedDate": "2016-08-08 16:54:06",
    "calendarYear": "2016",
    "period": "Q2",
    "revenue": 64451000,
    "costOfRevenue": 39320000,
    "grossProfit": 25131000,
    "grossProfitRatio": 0.3899241284,
    "researchAndDevelopmentExpenses": 8478000,
    "generalAndAdministrativeExpenses": 6232000,
    "sellingAndMarketingExpenses": 5790000,
    "sellingGeneralAndAdministrativeExpenses": 12022000,
    "otherExpenses": -238000,
    "operatingExpenses": 20500000,
    "costAndExpenses": 59820000,
    "interestIncome": 54000,
    "interestExpense": 1338000,
    "depreciationAndAmortization": 1143000,
    "ebitda": 5774000,
    "ebitdaratio": 0.0689981536,
    "operatingIncome": 4631000,
    "operatingIncomeRatio": 0.0718530356,
    "totalOtherIncomeExpensesNet": -1522000,
    "incomeBeforeTax": 3109000,
    "incomeBeforeTaxRatio": 0.0482381965,
    "incomeTaxExpense": 172000,
    "netIncome": 2937000,
    "netIncomeRatio": 0.0455695024,
    "eps": 0.4,
    "epsdiluted": 0.4,
    "weightedAverageShsOut": 7274250,
    "weightedAverageShsOutDil": 7675250,
    "link": "https://www.sec.gov/Archives/edgar/data/1113232/000155837016007667/0001558370-16-007667-index.htm",
    "finalLink": "https://www.sec.gov/Archives/edgar/data/1113232/000155837016007667/acls-20160630x10q.htm"
  },
  {
    "date": "2016-03-31",
    "symbol": "ACLS",
    "reportedCurrency": "USD",
    "cik": "0001113232",
    "fillingDate": "2016-05-05",
    "acceptedDate": "2016-05-05 12:02:15",
    "calendarYear": "2016",
    "period": "Q1",
    "revenue": 67521000,
    "costOfRevenue": 44105000,
    "grossProfit": 23416000,
    "grossProfitRatio": 0.3467958117,
    "researchAndDevelopmentExpenses": 8636000,
    "generalAndAdministrativeExpenses": 6042000,
    "sellingAndMarketingExpenses": 5960000,
    "sellingGeneralAndAdministrativeExpenses": 12002000,
    "otherExpenses": -59000,
    "operatingExpenses": 20638000,
    "costAndExpenses": 64743000,
    "interestIncome": 54000,
    "interestExpense": 1047000,
    "depreciationAndAmortization": 918000,
    "ebitda": 3696000,
    "ebitdaratio": 0.0410687046,
    "operatingIncome": 2496000,
    "operatingIncomeRatio": 0.0369662772,
    "totalOtherIncomeExpensesNet": -1052000,
    "incomeBeforeTax": 1444000,
    "incomeBeforeTaxRatio": 0.0213859392,
    "incomeTaxExpense": -504000,
    "netIncome": 1948000,
    "netIncomeRatio": 0.0288502836,
    "eps": 0.08,
    "epsdiluted": 0.08,
    "weightedAverageShsOut": 29038000,
    "weightedAverageShsOutDil": 30519500,
    "link": "https://www.sec.gov/Archives/edgar/data/1113232/000110465916118129/0001104659-16-118129-index.htm",
    "finalLink": "https://www.sec.gov/Archives/edgar/data/1113232/000110465916118129/a16-6510_110q.htm"
  },
  {
    "date": "2015-12-31",
    "symbol": "ACLS",
    "reportedCurrency": "USD",
    "cik": "0001113232",
    "fillingDate": "2016-03-04",
    "acceptedDate": "2016-03-04 16:55:38",
    "calendarYear": "2015",
    "period": "Q4",
    "revenue": 70458000,
    "costOfRevenue": 48485000,
    "grossProfit": 21973000,
    "grossProfitRatio": 0.3118595475,
    "researchAndDevelopmentExpenses": 7907000,
    "generalAndAdministrativeExpenses": 6143000,
    "sellingAndMarketingExpenses": 5517000,
    "sellingGeneralAndAdministrativeExpenses": 11660000,
    "otherExpenses": -50000,
    "operatingExpenses": 19567000,
    "costAndExpenses": 68052000,
    "interestIncome": 48000,
    "interestExpense": 1349000,
    "depreciationAndAmortization": 1261000,
    "ebitda": 3667000,
    "ebitdaratio": 0.0341196174,
    "operatingIncome": 2406000,
    "operatingIncomeRatio": 0.0341480031,
    "totalOtherIncomeExpensesNet": -1351000,
    "incomeBeforeTax": 1055000,
    "incomeBeforeTaxRatio": 0.0149734594,
    "incomeTaxExpense": 229000,
    "netIncome": 826000,
    "netIncomeRatio": 0.0117232961,
    "eps": 0.04,
    "epsdiluted": 0.04,
    "weightedAverageShsOut": 28936250,
    "weightedAverageShsOutDil": 30463750,
    "link": "https://www.sec.gov/Archives/edgar/data/1113232/000104746916010788/0001047469-16-010788-index.htm",
    "finalLink": "https://www.sec.gov/Archives/edgar/data/1113232/000104746916010788/a2227592z10-k.htm"
  },
  {
    "date": "2015-09-30",
    "symbol": "ACLS",
    "reportedCurrency": "USD",
    "cik": "0001113232",
    "fillingDate": "2015-11-05",
    "acceptedDate": "2015-11-05 13:17:59",
    "calendarYear": "2015",
    "period": "Q3",
    "revenue": 79317000,
    "costOfRevenue": 50138000,
    "grossProfit": 29179000,
    "grossProfitRatio": 0.3678782607,
    "researchAndDevelopmentExpenses": 8581000,
    "generalAndAdministrativeExpenses": 6584000,
    "sellingAndMarketingExpenses": 6322000,
    "sellingGeneralAndAdministrativeExpenses": 12906000,
    "otherExpenses": -167000,
    "operatingExpenses": 21487000,
    "costAndExpenses": 71625000,
    "interestIncome": 7000,
    "interestExpense": 1274000,
    "depreciationAndAmortization": 1310000,
    "ebitda": 9002000,
    "ebitdaratio": 0.0949607272,
    "operatingIncome": 7692000,
    "operatingIncomeRatio": 0.0969779492,
    "totalOtherIncomeExpensesNet": -1434000,
    "incomeBeforeTax": 6258000,
    "incomeBeforeTaxRatio": 0.0788985968,
    "incomeTaxExpense": 157000,
    "netIncome": 6101000,
    "netIncomeRatio": 0.0769191976,
    "eps": 0.2,
    "epsdiluted": 0.2,
    "weightedAverageShsOut": 28699750,
    "weightedAverageShsOutDil": 30465500,
    "link": "https://www.sec.gov/Archives/edgar/data/1113232/000110465915076156/0001104659-15-076156-index.htm",
    "finalLink": "https://www.sec.gov/Archives/edgar/data/1113232/000110465915076156/a15-17834_110q.htm"
  },
  {
    "date": "2015-06-30",
    "symbol": "ACLS",
    "reportedCurrency": "USD",
    "cik": "0001113232",
    "fillingDate": "2015-08-05",
    "acceptedDate": "2015-08-05 13:32:39",
    "calendarYear": "2015",
    "period": "Q2",
    "revenue": 78437000,
    "costOfRevenue": 51263000,
    "grossProfit": 27174000,
    "grossProfitRatio": 0.3464436427,
    "researchAndDevelopmentExpenses": 7899000,
    "generalAndAdministrativeExpenses": 6231000,
    "sellingAndMarketingExpenses": 5858000,
    "sellingGeneralAndAdministrativeExpenses": 12089000,
    "otherExpenses": 49000,
    "operatingExpenses": 19988000,
    "costAndExpenses": 71251000,
    "interestIncome": 6000,
    "interestExpense": 1310000,
    "depreciationAndAmortization": 1156000,
    "ebitda": 8342000,
    "ebitdaratio": 0.0923161263,
    "operatingIncome": 7178000,
    "operatingIncomeRatio": 0.0915129339,
    "totalOtherIncomeExpensesNet": -1255000,
    "incomeBeforeTax": 5923000,
    "incomeBeforeTaxRatio": 0.075512832,
    "incomeTaxExpense": 40000,
    "netIncome": 5883000,
    "netIncomeRatio": 0.0750028685,
    "eps": 0.2,
    "epsdiluted": 0.2,
    "weightedAverageShsOut": 28446000,
    "weightedAverageShsOutDil": 30153000,
    "link": "https://www.sec.gov/Archives/edgar/data/1113232/000110465915056360/0001104659-15-056360-index.htm",
    "finalLink": "https://www.sec.gov/Archives/edgar/data/1113232/000110465915056360/a15-11904_110q.htm"
  },
  {
    "date": "2015-03-31",
    "symbol": "ACLS",
    "reportedCurrency": "USD",
    "cik": "0001113232",
    "fillingDate": "2015-05-06",
    "acceptedDate": "2015-05-06 16:14:21",
    "calendarYear": "2015",
    "period": "Q1",
    "revenue": 73283000,
    "costOfRevenue": 49903000,
    "grossProfit": 23380000,
    "grossProfitRatio": 0.3190371573,
    "researchAndDevelopmentExpenses": 8199000,
    "generalAndAdministrativeExpenses": 6101000,
    "sellingAndMarketingExpenses": 5628000,
    "sellingGeneralAndAdministrativeExpenses": 11729000,
    "otherExpenses": -433000,
    "operatingExpenses": 19928000,
    "costAndExpenses": 69831000,
    "interestIncome": 3000,
    "interestExpense": 1043000,
    "depreciationAndAmortization": 1142000,
    "ebitda": 4594000,
    "ebitdaratio": 0.0412373948,
    "operatingIncome": 3442000,
    "operatingIncomeRatio": 0.0469686012,
    "totalOtherIncomeExpensesNet": -1473000,
    "incomeBeforeTax": 1969000,
    "incomeBeforeTaxRatio": 0.0268684415,
    "incomeTaxExpense": 101000,
    "netIncome": 1868000,
    "netIncomeRatio": 0.0254902228,
    "eps": 0.08,
    "epsdiluted": 0.08,
    "weightedAverageShsOut": 28288000,
    "weightedAverageShsOutDil": 29680000,
    "link": "https://www.sec.gov/Archives/edgar/data/1113232/000110465915034879/0001104659-15-034879-index.htm",
    "finalLink": "https://www.sec.gov/Archives/edgar/data/1113232/000110465915034879/a15-6960_110q.htm"
  },
  {
    "date": "2014-12-31",
    "symbol": "ACLS",
    "reportedCurrency": "USD",
    "cik": "0001113232",
    "fillingDate": "2015-03-11",
    "acceptedDate": "2015-03-11 16:59:06",
    "calendarYear": "2014",
    "period": "Q4",
    "revenue": 62530000,
    "costOfRevenue": 43733000,
    "grossProfit": 18797000,
    "grossProfitRatio": 0.3006077083,
    "researchAndDevelopmentExpenses": 7481000,
    "generalAndAdministrativeExpenses": 5602000,
    "sellingAndMarketingExpenses": 5310000,
    "sellingGeneralAndAdministrativeExpenses": 10912000,
    "otherExpenses": 249000,
    "operatingExpenses": 18393000,
    "costAndExpenses": 62126000,
    "interestIncome": 27000,
    "interestExpense": 257000,
    "depreciationAndAmortization": 1145000,
    "ebitda": 1552000,
    "ebitdaratio": 0.0291859907,
    "operatingIncome": 431000,
    "operatingIncomeRatio": 0.0068926915,
    "totalOtherIncomeExpensesNet": 18000,
    "incomeBeforeTax": 450000,
    "incomeBeforeTaxRatio": 0.0071965457,
    "incomeTaxExpense": 285000,
    "netIncome": 165000,
    "netIncomeRatio": 0.0026387334,
    "eps": 0.0059,
    "epsdiluted": 0.0056,
    "weightedAverageShsOut": 28054500,
    "weightedAverageShsOutDil": 29312750,
    "link": "https://www.sec.gov/Archives/edgar/data/1113232/000104746915001994/0001047469-15-001994-index.htm",
    "finalLink": "https://www.sec.gov/Archives/edgar/data/1113232/000104746915001994/a2223440z10-k.htm"
  },
  {
    "date": "2014-09-30",
    "symbol": "ACLS",
    "reportedCurrency": "USD",
    "cik": "0001113232",
    "fillingDate": "2014-11-06",
    "acceptedDate": "2014-11-06 16:27:25",
    "calendarYear": "2014",
    "period": "Q3",
    "revenue": 38531000,
    "costOfRevenue": 23387000,
    "grossProfit": 15144000,
    "grossProfitRatio": 0.3930341803,
    "researchAndDevelopmentExpenses": 7950000,
    "generalAndAdministrativeExpenses": 5380000,
    "sellingAndMarketingExpenses": 4891000,
    "sellingGeneralAndAdministrativeExpenses": 10271000,
    "otherExpenses": 1352000,
    "operatingExpenses": 18221000,
    "costAndExpenses": 41608000,
    "interestIncome": 2000,
    "interestExpense": 304000,
    "depreciationAndAmortization": 1142000,
    "ebitda": -1935000,
    "ebitdaratio": -0.0150787677,
    "operatingIncome": -5365000,
    "operatingIncomeRatio": -0.1392385352,
    "totalOtherIncomeExpensesNet": 1050000,
    "incomeBeforeTax": -4315000,
    "incomeBeforeTaxRatio": -0.1119877501,
    "incomeTaxExpense": 389000,
    "netIncome": -4704000,
    "netIncomeRatio": -0.1220835172,
    "eps": -0.17,
    "epsdiluted": -0.17,
    "weightedAverageShsOut": 27925250,
    "weightedAverageShsOutDil": 27925250,
    "link": "https://www.sec.gov/Archives/edgar/data/1113232/000110465914077729/0001104659-14-077729-index.htm",
    "finalLink": "https://www.sec.gov/Archives/edgar/data/1113232/000110465914077729/a14-19633_110q.htm"
  },
  {
    "date": "2014-06-30",
    "symbol": "ACLS",
    "reportedCurrency": "USD",
    "cik": "0001113232",
    "fillingDate": "2014-08-08",
    "acceptedDate": "2014-08-08 11:43:53",
    "calendarYear": "2014",
    "period": "Q2",
    "revenue": 41150000,
    "costOfRevenue": 26666000,
    "grossProfit": 14484000,
    "grossProfitRatio": 0.3519805589,
    "researchAndDevelopmentExpenses": 8845000,
    "generalAndAdministrativeExpenses": 6494000,
    "sellingAndMarketingExpenses": 5037000,
    "sellingGeneralAndAdministrativeExpenses": 11531000,
    "otherExpenses": -362000,
    "operatingExpenses": 20376000,
    "costAndExpenses": 47042000,
    "interestIncome": 2000,
    "interestExpense": 257000,
    "depreciationAndAmortization": 1159000,
    "ebitda": -4733000,
    "ebitdaratio": -0.1237667072,
    "operatingIncome": -6052000,
    "operatingIncomeRatio": -0.1470716889,
    "totalOtherIncomeExpensesNet": -617000,
    "incomeBeforeTax": -6669000,
    "incomeBeforeTaxRatio": -0.1620656136,
    "incomeTaxExpense": 231000,
    "netIncome": -6900000,
    "netIncomeRatio": -0.1676792224,
    "eps": -0.25,
    "epsdiluted": -0.25,
    "weightedAverageShsOut": 27803000,
    "weightedAverageShsOutDil": 27803000,
    "link": "https://www.sec.gov/Archives/edgar/data/1113232/000110465914058705/0001104659-14-058705-index.htm",
    "finalLink": "https://www.sec.gov/Archives/edgar/data/1113232/000110465914058705/a14-13878_110q.htm"
  },
  {
    "date": "2014-03-31",
    "symbol": "ACLS",
    "reportedCurrency": "USD",
    "cik": "0001113232",
    "fillingDate": "2014-05-08",
    "acceptedDate": "2014-05-08 13:10:59",
    "calendarYear": "2014",
    "period": "Q1",
    "revenue": 60840000,
    "costOfRevenue": 39100000,
    "grossProfit": 21740000,
    "grossProfitRatio": 0.3573307035,
    "researchAndDevelopmentExpenses": 9257000,
    "generalAndAdministrativeExpenses": 6481000,
    "sellingAndMarketingExpenses": 5476000,
    "sellingGeneralAndAdministrativeExpenses": 11957000,
    "otherExpenses": 292000,
    "operatingExpenses": 21214000,
    "costAndExpenses": 60314000,
    "interestIncome": 2000,
    "interestExpense": 251000,
    "depreciationAndAmortization": 1140000,
    "ebitda": 1666000,
    "ebitdaratio": 0.0322156476,
    "operatingIncome": 326000,
    "operatingIncomeRatio": 0.0053583169,
    "totalOtherIncomeExpensesNet": 43000,
    "incomeBeforeTax": 369000,
    "incomeBeforeTaxRatio": 0.0060650888,
    "incomeTaxExpense": 195000,
    "netIncome": 174000,
    "netIncomeRatio": 0.0028599606,
    "eps": 0.0063,
    "epsdiluted": 0.006,
    "weightedAverageShsOut": 27662250,
    "weightedAverageShsOutDil": 28949500,
    "link": "https://www.sec.gov/Archives/edgar/data/1113232/000110465914036345/0001104659-14-036345-index.htm",
    "finalLink": "https://www.sec.gov/Archives/edgar/data/1113232/000110465914036345/a14-8383_110q.htm"
  },
  {
    "date": "2013-12-31",
    "symbol": "ACLS",
    "reportedCurrency": "USD",
    "cik": "0001113232",
    "fillingDate": "2014-03-03",
    "acceptedDate": "2014-03-03 15:56:07",
    "calendarYear": "2013",
    "period": "Q4",
    "revenue": 58574000,
    "costOfRevenue": 37294000,
    "grossProfit": 21280000,
    "grossProfitRatio": 0.3633011234,
    "researchAndDevelopmentExpenses": 8899000,
    "generalAndAdministrativeExpenses": 6306000,
    "sellingAndMarketingExpenses": 5031000,
    "sellingGeneralAndAdministrativeExpenses": 11337000,
    "otherExpenses": -402000,
    "operatingExpenses": 20236000,
    "costAndExpenses": 57530000,
    "interestIncome": 36000,
    "interestExpense": 149000,
    "depreciationAndAmortization": 1127000,
    "ebitda": 2171000,
    "ebitdaratio": 0.0308157203,
    "operatingIncome": 1044000,
    "operatingIncomeRatio": 0.0178236077,
    "totalOtherIncomeExpensesNet": -515000,
    "incomeBeforeTax": 529000,
    "incomeBeforeTaxRatio": 0.0090313108,
    "incomeTaxExpense": -85000,
    "netIncome": 614000,
    "netIncomeRatio": 0.0104824666,
    "eps": 0.04,
    "epsdiluted": 0.04,
    "weightedAverageShsOut": 27436500,
    "weightedAverageShsOutDil": 28726500,
    "link": "https://www.sec.gov/Archives/edgar/data/1113232/000104746914001681/0001047469-14-001681-index.htm",
    "finalLink": "https://www.sec.gov/Archives/edgar/data/1113232/000104746914001681/a2218577z10-k.htm"
  },
  {
    "date": "2013-09-30",
    "symbol": "ACLS",
    "reportedCurrency": "USD",
    "cik": "0001113232",
    "fillingDate": "2013-11-08",
    "acceptedDate": "2013-11-08 11:21:17",
    "calendarYear": "2013",
    "period": "Q3",
    "revenue": 48831000,
    "costOfRevenue": 31855000,
    "grossProfit": 16976000,
    "grossProfitRatio": 0.3476480105,
    "researchAndDevelopmentExpenses": 8148000,
    "generalAndAdministrativeExpenses": 6164000,
    "sellingAndMarketingExpenses": 5330000,
    "sellingGeneralAndAdministrativeExpenses": 11494000,
    "otherExpenses": -1252000,
    "operatingExpenses": 19642000,
    "costAndExpenses": 51497000,
    "interestIncome": 3000,
    "interestExpense": 193000,
    "depreciationAndAmortization": 1229000,
    "ebitda": -2778000,
    "ebitdaratio": -0.0550060412,
    "operatingIncome": -2778000,
    "operatingIncomeRatio": -0.0568900903,
    "totalOtherIncomeExpensesNet": -1442000,
    "incomeBeforeTax": -4220000,
    "incomeBeforeTaxRatio": -0.0864205116,
    "incomeTaxExpense": 530000,
    "netIncome": -4750000,
    "netIncomeRatio": -0.0972742725,
    "eps": -0.17,
    "epsdiluted": -0.17,
    "weightedAverageShsOut": 27268500,
    "weightedAverageShsOutDil": 27268500,
    "link": "https://www.sec.gov/Archives/edgar/data/1113232/000110465913082657/0001104659-13-082657-index.htm",
    "finalLink": "https://www.sec.gov/Archives/edgar/data/1113232/000110465913082657/a13-19474_110q.htm"
  },
  {
    "date": "2013-06-30",
    "symbol": "ACLS",
    "reportedCurrency": "USD",
    "cik": "0001113232",
    "fillingDate": "2013-08-02",
    "acceptedDate": "2013-08-02 08:28:00",
    "calendarYear": "2013",
    "period": "Q2",
    "revenue": 47501000,
    "costOfRevenue": 30764000,
    "grossProfit": 16737000,
    "grossProfitRatio": 0.3523504768,
    "researchAndDevelopmentExpenses": 8503000,
    "generalAndAdministrativeExpenses": 6412000,
    "sellingAndMarketingExpenses": 5594000,
    "sellingGeneralAndAdministrativeExpenses": 12006000,
    "otherExpenses": -314000,
    "operatingExpenses": 20509000,
    "costAndExpenses": 51273000,
    "interestIncome": 3000,
    "interestExpense": 51000,
    "depreciationAndAmortization": 1325000,
    "ebitda": -2447000,
    "ebitdaratio": -0.0580619355,
    "operatingIncome": -3394000,
    "operatingIncomeRatio": -0.0714511273,
    "totalOtherIncomeExpensesNet": -362000,
    "incomeBeforeTax": -3756000,
    "incomeBeforeTaxRatio": -0.0790720195,
    "incomeTaxExpense": 263000,
    "netIncome": -4019000,
    "netIncomeRatio": -0.0846087451,
    "eps": -0.15,
    "epsdiluted": -0.15,
    "weightedAverageShsOut": 27102250,
    "weightedAverageShsOutDil": 27102250,
    "link": "https://www.sec.gov/Archives/edgar/data/1113232/000110465913059171/0001104659-13-059171-index.htm",
    "finalLink": "https://www.sec.gov/Archives/edgar/data/1113232/000110465913059171/a13-12901_110q.htm"
  },
  {
    "date": "2013-03-31",
    "symbol": "ACLS",
    "reportedCurrency": "USD",
    "cik": "0001113232",
    "fillingDate": "2013-05-06",
    "acceptedDate": "2013-05-06 15:01:19",
    "calendarYear": "2013",
    "period": "Q1",
    "revenue": 40726000,
    "costOfRevenue": 27783000,
    "grossProfit": 12943000,
    "grossProfitRatio": 0.3178068065,
    "researchAndDevelopmentExpenses": 9206000,
    "generalAndAdministrativeExpenses": 6590000,
    "sellingAndMarketingExpenses": 5201000,
    "sellingGeneralAndAdministrativeExpenses": 11791000,
    "otherExpenses": 829000,
    "operatingExpenses": 20997000,
    "costAndExpenses": 48780000,
    "interestIncome": 3000,
    "interestExpense": 3000,
    "depreciationAndAmortization": 1394000,
    "ebitda": -7261000,
    "ebitdaratio": -0.1283455287,
    "operatingIncome": -9487000,
    "operatingIncomeRatio": -0.2329470117,
    "totalOtherIncomeExpensesNet": 832000,
    "incomeBeforeTax": -8655000,
    "incomeBeforeTaxRatio": -0.2125178019,
    "incomeTaxExpense": 333000,
    "netIncome": -8988000,
    "netIncomeRatio": -0.2206943967,
    "eps": -0.33,
    "epsdiluted": -0.33,
    "weightedAverageShsOut": 27056750,
    "weightedAverageShsOutDil": 27056750,
    "link": "https://www.sec.gov/Archives/edgar/data/1113232/000110465913037564/0001104659-13-037564-index.htm",
    "finalLink": "https://www.sec.gov/Archives/edgar/data/1113232/000110465913037564/a13-8326_110q.htm"
  },
  {
    "date": "2012-12-31",
    "symbol": "ACLS",
    "reportedCurrency": "USD",
    "cik": "0001113232",
    "fillingDate": "2013-03-01",
    "acceptedDate": "2013-03-01 13:44:06",
    "calendarYear": "2012",
    "period": "Q4",
    "revenue": 44624000,
    "costOfRevenue": 44144000,
    "grossProfit": 480000,
    "grossProfitRatio": 0.0107565436,
    "researchAndDevelopmentExpenses": 8402000,
    "generalAndAdministrativeExpenses": 5943000,
    "sellingAndMarketingExpenses": 7604000,
    "sellingGeneralAndAdministrativeExpenses": 13547000,
    "otherExpenses": -496000,
    "operatingExpenses": 21949000,
    "costAndExpenses": 66093000,
    "interestIncome": 18000,
    "interestExpense": 18000,
    "depreciationAndAmortization": 1458000,
    "ebitda": -20046000,
    "ebitdaratio": -0.6130557548,
    "operatingIncome": -14123000,
    "operatingIncomeRatio": -0.3164888849,
    "totalOtherIncomeExpensesNet": -478000,
    "incomeBeforeTax": -14601000,
    "incomeBeforeTaxRatio": -0.3272006095,
    "incomeTaxExpense": 217000,
    "netIncome": -14818000,
    "netIncomeRatio": -0.3320634636,
    "eps": -0.56,
    "epsdiluted": -0.55,
    "weightedAverageShsOut": 26261408,
    "weightedAverageShsOutDil": 26977500,
    "link": "https://www.sec.gov/Archives/edgar/data/1113232/000104746913002045/0001047469-13-002045-index.htm",
    "finalLink": "https://www.sec.gov/Archives/edgar/data/1113232/000104746913002045/a2213243z10-k.htm"
  },
  {
    "date": "2012-09-30",
    "symbol": "ACLS",
    "reportedCurrency": "USD",
    "cik": "0001113232",
    "fillingDate": "2012-11-05",
    "acceptedDate": "2012-11-05 15:29:58",
    "calendarYear": "2012",
    "period": "Q3",
    "revenue": 44640000,
    "costOfRevenue": 30273000,
    "grossProfit": 14367000,
    "grossProfitRatio": 0.3218413978,
    "researchAndDevelopmentExpenses": 9851000,
    "generalAndAdministrativeExpenses": 6325000,
    "sellingAndMarketingExpenses": 5470000,
    "sellingGeneralAndAdministrativeExpenses": 11795000,
    "otherExpenses": 578000,
    "operatingExpenses": 21646000,
    "costAndExpenses": 51919000,
    "interestIncome": 9000,
    "interestExpense": 9000,
    "depreciationAndAmortization": 1794000,
    "ebitda": -6681000,
    "ebitdaratio": -0.0958781362,
    "operatingIncome": -7857000,
    "operatingIncomeRatio": -0.1760080645,
    "totalOtherIncomeExpensesNet": -618000,
    "incomeBeforeTax": -8475000,
    "incomeBeforeTaxRatio": -0.1898521505,
    "incomeTaxExpense": 243000,
    "netIncome": -8718000,
    "netIncomeRatio": -0.1952956989,
    "eps": -0.32,
    "epsdiluted": -0.32,
    "weightedAverageShsOut": 26963750,
    "weightedAverageShsOutDil": 26963750,
    "link": "https://www.sec.gov/Archives/edgar/data/1113232/000110465912074161/0001104659-12-074161-index.htm",
    "finalLink": "https://www.sec.gov/Archives/edgar/data/1113232/000110465912074161/a12-19051_110q.htm"
  },
  {
    "date": "2012-06-30",
    "symbol": "ACLS",
    "reportedCurrency": "USD",
    "cik": "0001113232",
    "fillingDate": "2012-08-07",
    "acceptedDate": "2012-08-07 12:05:40",
    "calendarYear": "2012",
    "period": "Q2",
    "revenue": 59114000,
    "costOfRevenue": 36326000,
    "grossProfit": 22788000,
    "grossProfitRatio": 0.3854924383,
    "researchAndDevelopmentExpenses": 10478000,
    "generalAndAdministrativeExpenses": 6488000,
    "sellingAndMarketingExpenses": 6231000,
    "sellingGeneralAndAdministrativeExpenses": 12719000,
    "otherExpenses": 153000,
    "operatingExpenses": 23197000,
    "costAndExpenses": 59523000,
    "interestIncome": 9000,
    "interestExpense": 9000,
    "depreciationAndAmortization": 1729000,
    "ebitda": 1727000,
    "ebitdaratio": -0.0136515885,
    "operatingIncome": -562000,
    "operatingIncomeRatio": -0.0095070542,
    "totalOtherIncomeExpensesNet": 560000,
    "incomeBeforeTax": -2000,
    "incomeBeforeTaxRatio": -3.38329e-05,
    "incomeTaxExpense": 469000,
    "netIncome": -471000,
    "netIncomeRatio": -0.0079676557,
    "eps": -0.0175,
    "epsdiluted": -0.0175,
    "weightedAverageShsOut": 26909750,
    "weightedAverageShsOutDil": 26909750,
    "link": "https://www.sec.gov/Archives/edgar/data/1113232/000110465912055070/0001104659-12-055070-index.htm",
    "finalLink": "https://www.sec.gov/Archives/edgar/data/1113232/000110465912055070/a12-13741_110q.htm"
  },
  {
    "date": "2012-03-31",
    "symbol": "ACLS",
    "reportedCurrency": "USD",
    "cik": "0001113232",
    "fillingDate": "2012-05-04",
    "acceptedDate": "2012-05-04 15:47:36",
    "calendarYear": "2012",
    "period": "Q1",
    "revenue": 55006000,
    "costOfRevenue": 34470000,
    "grossProfit": 20536000,
    "grossProfitRatio": 0.3733410901,
    "researchAndDevelopmentExpenses": 11669000,
    "generalAndAdministrativeExpenses": 7799000,
    "sellingAndMarketingExpenses": 6583000,
    "sellingGeneralAndAdministrativeExpenses": 14382000,
    "otherExpenses": 2881000,
    "operatingExpenses": 26051000,
    "costAndExpenses": 60521000,
    "interestIncome": 9000,
    "interestExpense": 9000,
    "depreciationAndAmortization": 1896000,
    "ebitda": -8396000,
    "ebitdaratio": 0.0033814493,
    "operatingIncome": -8396000,
    "operatingIncomeRatio": -0.152637894,
    "totalOtherIncomeExpensesNet": -915000,
    "incomeBeforeTax": -9311000,
    "incomeBeforeTaxRatio": -0.169272443,
    "incomeTaxExpense": 717000,
    "netIncome": -10028000,
    "netIncomeRatio": -0.1823073846,
    "eps": -0.37,
    "epsdiluted": -0.37,
    "weightedAverageShsOut": 26766750,
    "weightedAverageShsOutDil": 26766750,
    "link": "https://www.sec.gov/Archives/edgar/data/1113232/000110465912033183/0001104659-12-033183-index.htm",
    "finalLink": "https://www.sec.gov/Archives/edgar/data/1113232/000110465912033183/a12-7932_110q.htm"
  },
  {
    "date": "2011-12-31",
    "symbol": "ACLS",
    "reportedCurrency": "USD",
    "cik": "0001113232",
    "fillingDate": "2012-02-29",
    "acceptedDate": "2012-02-29 14:01:23",
    "calendarYear": "2011",
    "period": "Q4",
    "revenue": 60411000,
    "costOfRevenue": 37788000,
    "grossProfit": 22623000,
    "grossProfitRatio": 0.3744847793,
    "researchAndDevelopmentExpenses": 12140000,
    "generalAndAdministrativeExpenses": 5245000,
    "sellingAndMarketingExpenses": 6524000,
    "sellingGeneralAndAdministrativeExpenses": 11769000,
    "otherExpenses": 0,
    "operatingExpenses": 23909000,
    "costAndExpenses": 61697000,
    "interestIncome": 18000,
    "interestExpense": 18000,
    "depreciationAndAmortization": 2317000,
    "ebitda": 1370000,
    "ebitdaratio": 0.0114052077,
    "operatingIncome": -1286000,
    "operatingIncomeRatio": -0.0212875139,
    "totalOtherIncomeExpensesNet": 360000,
    "incomeBeforeTax": -926000,
    "incomeBeforeTaxRatio": -0.0153283342,
    "incomeTaxExpense": 1187000,
    "netIncome": -2113000,
    "netIncomeRatio": -0.0349770737,
    "eps": -0.0794,
    "epsdiluted": -0.0794,
    "weightedAverageShsOut": 26619000,
    "weightedAverageShsOutDil": 26619000,
    "link": "https://www.sec.gov/Archives/edgar/data/1113232/000104746912001874/0001047469-12-001874-index.htm",
    "finalLink": "https://www.sec.gov/Archives/edgar/data/1113232/000104746912001874/a2207604z10-k.htm"
  },
  {
    "date": "2011-09-30",
    "symbol": "ACLS",
    "reportedCurrency": "USD",
    "cik": "0001113232",
    "fillingDate": "2011-11-04",
    "acceptedDate": "2011-11-04 12:57:08",
    "calendarYear": "2011",
    "period": "Q3",
    "revenue": 72455000,
    "costOfRevenue": 45560000,
    "grossProfit": 26895000,
    "grossProfitRatio": 0.3711959147,
    "researchAndDevelopmentExpenses": 11389000,
    "generalAndAdministrativeExpenses": 8458000,
    "sellingAndMarketingExpenses": 7237000,
    "sellingGeneralAndAdministrativeExpenses": 15695000,
    "otherExpenses": 0,
    "operatingExpenses": 27084000,
    "costAndExpenses": 72644000,
    "interestIncome": 7000,
    "interestExpense": 7000,
    "depreciationAndAmortization": 2171000,
    "ebitda": 1982000,
    "ebitdaratio": 0.0057828997,
    "operatingIncome": -189000,
    "operatingIncomeRatio": -0.0026085156,
    "totalOtherIncomeExpensesNet": 1570000,
    "incomeBeforeTax": 1381000,
    "incomeBeforeTaxRatio": 0.0190601063,
    "incomeTaxExpense": 230000,
    "netIncome": 1151000,
    "netIncomeRatio": 0.0158857222,
    "eps": 0.04,
    "epsdiluted": 0.04,
    "weightedAverageShsOut": 26604250,
    "weightedAverageShsOutDil": 27048000,
    "link": "https://www.sec.gov/Archives/edgar/data/1113232/000110465911061003/0001104659-11-061003-index.htm",
    "finalLink": "https://www.sec.gov/Archives/edgar/data/1113232/000110465911061003/a11-25105_110q.htm"
  },
  {
    "date": "2011-06-30",
    "symbol": "ACLS",
    "reportedCurrency": "USD",
    "cik": "0001113232",
    "fillingDate": "2011-08-05",
    "acceptedDate": "2011-08-05 14:00:07",
    "calendarYear": "2011",
    "period": "Q2",
    "revenue": 93380000,
    "costOfRevenue": 59242000,
    "grossProfit": 34138000,
    "grossProfitRatio": 0.365581495,
    "researchAndDevelopmentExpenses": 11829000,
    "generalAndAdministrativeExpenses": 8416000,
    "sellingAndMarketingExpenses": 7675000,
    "sellingGeneralAndAdministrativeExpenses": 16091000,
    "otherExpenses": 0,
    "operatingExpenses": 27920000,
    "costAndExpenses": 87162000,
    "interestIncome": 11000,
    "interestExpense": 11000,
    "depreciationAndAmortization": 2127000,
    "ebitda": 6218000,
    "ebitdaratio": 0.1017669737,
    "operatingIncome": 6218000,
    "operatingIncomeRatio": 0.0665881345,
    "totalOtherIncomeExpensesNet": -1147000,
    "incomeBeforeTax": 5071000,
    "incomeBeforeTaxRatio": 0.0543049904,
    "incomeTaxExpense": 844000,
    "netIncome": 4227000,
    "netIncomeRatio": 0.0452666524,
    "eps": 0.16,
    "epsdiluted": 0.16,
    "weightedAverageShsOut": 26524250,
    "weightedAverageShsOutDil": 27227750,
    "link": "https://www.sec.gov/Archives/edgar/data/1113232/000110465911044192/0001104659-11-044192-index.htm",
    "finalLink": "https://www.sec.gov/Archives/edgar/data/1113232/000110465911044192/a11-13839_110q.htm"
  },
  {
    "date": "2011-03-31",
    "symbol": "ACLS",
    "reportedCurrency": "USD",
    "cik": "0001113232",
    "fillingDate": "2011-05-06",
    "acceptedDate": "2011-05-06 16:12:29",
    "calendarYear": "2011",
    "period": "Q1",
    "revenue": 93170000,
    "costOfRevenue": 62089000,
    "grossProfit": 31081000,
    "grossProfitRatio": 0.3335945047,
    "researchAndDevelopmentExpenses": 11818000,
    "generalAndAdministrativeExpenses": 9055000,
    "sellingAndMarketingExpenses": 7819000,
    "sellingGeneralAndAdministrativeExpenses": 16874000,
    "otherExpenses": 0,
    "operatingExpenses": 28692000,
    "costAndExpenses": 90781000,
    "interestIncome": 6000,
    "interestExpense": 6000,
    "depreciationAndAmortization": 1882000,
    "ebitda": 2389000,
    "ebitdaratio": 0.0506708168,
    "operatingIncome": 2389000,
    "operatingIncomeRatio": 0.0256413008,
    "totalOtherIncomeExpensesNet": -444000,
    "incomeBeforeTax": 1945000,
    "incomeBeforeTaxRatio": 0.0208758184,
    "incomeTaxExpense": 133000,
    "netIncome": 1812000,
    "netIncomeRatio": 0.0194483203,
    "eps": 0.08,
    "epsdiluted": 0.08,
    "weightedAverageShsOut": 26484000,
    "weightedAverageShsOutDil": 27697750,
    "link": "https://www.sec.gov/Archives/edgar/data/1113232/000110465911026844/0001104659-11-026844-index.htm",
    "finalLink": "https://www.sec.gov/Archives/edgar/data/1113232/000110465911026844/a11-8805_110q.htm"
  },
  {
    "date": "2010-12-31",
    "symbol": "ACLS",
    "reportedCurrency": "USD",
    "cik": "0001113232",
    "fillingDate": "2011-03-14",
    "acceptedDate": "2011-03-14 17:01:10",
    "calendarYear": "2010",
    "period": "Q4",
    "revenue": 93403000,
    "costOfRevenue": 61910000,
    "grossProfit": 31493000,
    "grossProfitRatio": 0.3371733242,
    "researchAndDevelopmentExpenses": 11042000,
    "generalAndAdministrativeExpenses": 9083000,
    "sellingAndMarketingExpenses": 7188000,
    "sellingGeneralAndAdministrativeExpenses": 16271000,
    "otherExpenses": 0,
    "operatingExpenses": 27313000,
    "costAndExpenses": 89223000,
    "interestIncome": 27000,
    "interestExpense": 27000,
    "depreciationAndAmortization": 1678000,
    "ebitda": 3956000,
    "ebitdaratio": 0.0630065415,
    "operatingIncome": 4180000,
    "operatingIncomeRatio": 0.0447523099,
    "totalOtherIncomeExpensesNet": -1902000,
    "incomeBeforeTax": 2278000,
    "incomeBeforeTaxRatio": 0.0243889383,
    "incomeTaxExpense": -2052000,
    "netIncome": 4330000,
    "netIncomeRatio": 0.046358254,
    "eps": 0.16,
    "epsdiluted": 0.16,
    "weightedAverageShsOut": 26484000,
    "weightedAverageShsOutDil": 27697750,
    "link": "https://www.sec.gov/Archives/edgar/data/1113232/000104746911002119/0001047469-11-002119-index.htm",
    "finalLink": "https://www.sec.gov/Archives/edgar/data/1113232/000104746911002119/a2202563z10-k.htm"
  },
  {
    "date": "2010-09-30",
    "symbol": "ACLS",
    "reportedCurrency": "USD",
    "cik": "0001113232",
    "fillingDate": "2010-11-05",
    "acceptedDate": "2010-11-05 16:47:44",
    "calendarYear": "2010",
    "period": "Q3",
    "revenue": 75106000,
    "costOfRevenue": 53636000,
    "grossProfit": 21470000,
    "grossProfitRatio": 0.2858626475,
    "researchAndDevelopmentExpenses": 9872000,
    "generalAndAdministrativeExpenses": 7885000,
    "sellingAndMarketingExpenses": 7151000,
    "sellingGeneralAndAdministrativeExpenses": 15036000,
    "otherExpenses": 0,
    "operatingExpenses": 24908000,
    "costAndExpenses": 78544000,
    "interestIncome": 15000,
    "interestExpense": 15000,
    "depreciationAndAmortization": 1656000,
    "ebitda": -1782000,
    "ebitdaratio": -0.0235267489,
    "operatingIncome": -3438000,
    "operatingIncomeRatio": -0.0457753042,
    "totalOtherIncomeExpensesNet": -1981000,
    "incomeBeforeTax": -5419000,
    "incomeBeforeTaxRatio": -0.0721513594,
    "incomeTaxExpense": 854000,
    "netIncome": -6273000,
    "netIncomeRatio": -0.0835219556,
    "eps": -0.24,
    "epsdiluted": -0.24,
    "weightedAverageShsOut": 26157000,
    "weightedAverageShsOutDil": 26157000,
    "link": "https://www.sec.gov/Archives/edgar/data/1113232/000110465910056579/0001104659-10-056579-index.htm",
    "finalLink": "https://www.sec.gov/Archives/edgar/data/1113232/000110465910056579/a10-17336_110q.htm"
  },
  {
    "date": "2010-06-30",
    "symbol": "ACLS",
    "reportedCurrency": "USD",
    "cik": "0001113232",
    "fillingDate": "2010-08-06",
    "acceptedDate": "2010-08-06 16:30:38",
    "calendarYear": "2010",
    "period": "Q2",
    "revenue": 58203000,
    "costOfRevenue": 38335000,
    "grossProfit": 19868000,
    "grossProfitRatio": 0.3413569747,
    "researchAndDevelopmentExpenses": 9477000,
    "generalAndAdministrativeExpenses": 7464000,
    "sellingAndMarketingExpenses": 6606000,
    "sellingGeneralAndAdministrativeExpenses": 14070000,
    "otherExpenses": 0,
    "operatingExpenses": 23547000,
    "costAndExpenses": 61882000,
    "interestIncome": 25000,
    "interestExpense": 25000,
    "depreciationAndAmortization": 1774000,
    "ebitda": -1905000,
    "ebitdaratio": -0.0323007405,
    "operatingIncome": -3679000,
    "operatingIncomeRatio": -0.0632098002,
    "totalOtherIncomeExpensesNet": 367000,
    "incomeBeforeTax": -3312000,
    "incomeBeforeTaxRatio": -0.0569042833,
    "incomeTaxExpense": 1217000,
    "netIncome": -4529000,
    "netIncomeRatio": -0.0778138584,
    "eps": -0.17,
    "epsdiluted": -0.17,
    "weightedAverageShsOut": 26042500,
    "weightedAverageShsOutDil": 26042500,
    "link": "https://www.sec.gov/Archives/edgar/data/1113232/000110465910042765/0001104659-10-042765-index.htm",
    "finalLink": "https://www.sec.gov/Archives/edgar/data/1113232/000110465910042765/a10-12685_110q.htm"
  },
  {
    "date": "2010-03-31",
    "symbol": "ACLS",
    "reportedCurrency": "USD",
    "cik": "0001113232",
    "fillingDate": "2010-05-12",
    "acceptedDate": "2010-05-12 15:07:11",
    "calendarYear": "2010",
    "period": "Q1",
    "revenue": 48500000,
    "costOfRevenue": 35493000,
    "grossProfit": 13007000,
    "grossProfitRatio": 0.268185567,
    "researchAndDevelopmentExpenses": 9133000,
    "generalAndAdministrativeExpenses": 7700000,
    "sellingAndMarketingExpenses": 6604000,
    "sellingGeneralAndAdministrativeExpenses": 14304000,
    "otherExpenses": 0,
    "operatingExpenses": 23437000,
    "costAndExpenses": 58930000,
    "interestIncome": 29000,
    "interestExpense": 29000,
    "depreciationAndAmortization": 1937000,
    "ebitda": -8493000,
    "ebitdaratio": -0.1745154639,
    "operatingIncome": -10430000,
    "operatingIncomeRatio": -0.2150515464,
    "totalOtherIncomeExpensesNet": -378000,
    "incomeBeforeTax": -10808000,
    "incomeBeforeTaxRatio": -0.2228453608,
    "incomeTaxExpense": 293000,
    "netIncome": -11101000,
    "netIncomeRatio": -0.2288865979,
    "eps": -0.43,
    "epsdiluted": -0.43,
    "weightedAverageShsOut": 26029000,
    "weightedAverageShsOutDil": 26029000,
    "link": "https://www.sec.gov/Archives/edgar/data/1113232/000110465910027926/0001104659-10-027926-index.htm",
    "finalLink": "https://www.sec.gov/Archives/edgar/data/1113232/000110465910027926/a10-5833_110q.htm"
  },
  {
    "date": "2009-12-31",
    "symbol": "ACLS",
    "reportedCurrency": "USD",
    "cik": "0001113232",
    "fillingDate": "2010-03-15",
    "acceptedDate": "2010-03-15 15:58:35",
    "calendarYear": "2009",
    "period": "Q4",
    "revenue": 38737000,
    "costOfRevenue": 27386000,
    "grossProfit": 11351000,
    "grossProfitRatio": 0.2930273382,
    "researchAndDevelopmentExpenses": 7726000,
    "generalAndAdministrativeExpenses": 7012000,
    "sellingAndMarketingExpenses": 6345000,
    "sellingGeneralAndAdministrativeExpenses": 13357000,
    "otherExpenses": 0,
    "operatingExpenses": 21083000,
    "costAndExpenses": 48469000,
    "interestIncome": 29000,
    "interestExpense": 29000,
    "depreciationAndAmortization": 1843000,
    "ebitda": -8192000,
    "ebitdaratio": -0.2864961148,
    "operatingIncome": -9745000,
    "operatingIncomeRatio": -0.2515682681,
    "totalOtherIncomeExpensesNet": -290000,
    "incomeBeforeTax": -10035000,
    "incomeBeforeTaxRatio": -0.2590546506,
    "incomeTaxExpense": 1000,
    "netIncome": -10036000,
    "netIncomeRatio": -0.2590804657,
    "eps": -0.39,
    "epsdiluted": -0.39,
    "weightedAverageShsOut": 25979750,
    "weightedAverageShsOutDil": 26029000,
    "link": "https://www.sec.gov/Archives/edgar/data/1113232/000104746910002204/0001047469-10-002204-index.htm",
    "finalLink": "https://www.sec.gov/Archives/edgar/data/1113232/000104746910002204/a2197155z10-k.htm"
  }
]