[
  {
    "date": "2024-09-29",
    "symbol": "TER",
    "reportedCurrency": "USD",
    "cik": "0000097210",
    "fillingDate": "2024-11-01",
    "acceptedDate": "2024-11-01 13:00:38",
    "calendarYear": "2024",
    "period": "Q3",
    "revenue": 737298000,
    "costOfRevenue": 300784000,
    "grossProfit": 436514000,
    "grossProfitRatio": 0.5920455501,
    "researchAndDevelopmentExpenses": 0,
    "generalAndAdministrativeExpenses": 0,
    "sellingAndMarketingExpenses": 0,
    "sellingGeneralAndAdministrativeExpenses": 0,
    "otherExpenses": 284449000,
    "operatingExpenses": 284449000,
    "costAndExpenses": 585233000,
    "interestIncome": 0,
    "interestExpense": -6919000,
    "depreciationAndAmortization": 38028000,
    "ebitda": 190093000,
    "ebitdaratio": 0.2578238379,
    "operatingIncome": 152065000,
    "operatingIncomeRatio": 0.206246321,
    "totalOtherIncomeExpensesNet": 6919000,
    "incomeBeforeTax": 158984000,
    "incomeBeforeTaxRatio": 0.2156305863,
    "incomeTaxExpense": 12260000,
    "netIncome": 145649000,
    "netIncomeRatio": 0.1975442765,
    "eps": 0.89,
    "epsdiluted": 0.89,
    "weightedAverageShsOut": 163002000,
    "weightedAverageShsOutDil": 164253000,
    "link": "https://www.sec.gov/Archives/edgar/data/97210/000095017024119923/0000950170-24-119923-index.htm",
    "finalLink": "https://www.sec.gov/Archives/edgar/data/97210/000095017024119923/ter-20240929.htm"
  },
  {
    "date": "2024-06-30",
    "symbol": "TER",
    "reportedCurrency": "USD",
    "cik": "0000097210",
    "fillingDate": "2024-08-02",
    "acceptedDate": "2024-08-02 15:06:00",
    "calendarYear": "2024",
    "period": "Q2",
    "revenue": 729879000,
    "costOfRevenue": 306291000,
    "grossProfit": 423588000,
    "grossProfitRatio": 0.5803537299,
    "researchAndDevelopmentExpenses": 111816000,
    "generalAndAdministrativeExpenses": 0,
    "sellingAndMarketingExpenses": 0,
    "sellingGeneralAndAdministrativeExpenses": 154470000,
    "otherExpenses": -2408000,
    "operatingExpenses": 268694000,
    "costAndExpenses": 574985000,
    "interestIncome": 6715000,
    "interestExpense": 1530000,
    "depreciationAndAmortization": 30237000,
    "ebitda": 251170000,
    "ebitdaratio": 0.2536461523,
    "operatingIncome": 154894000,
    "operatingIncomeRatio": 0.2122187376,
    "totalOtherIncomeExpensesNet": 9035000,
    "incomeBeforeTax": 219403000,
    "incomeBeforeTaxRatio": 0.3006018806,
    "incomeTaxExpense": 33130000,
    "netIncome": 186273000,
    "netIncomeRatio": 0.2552107952,
    "eps": 1.18,
    "epsdiluted": 1.14,
    "weightedAverageShsOut": 157804000,
    "weightedAverageShsOutDil": 163470000,
    "link": "https://www.sec.gov/Archives/edgar/data/97210/000095017024089858/0000950170-24-089858-index.htm",
    "finalLink": "https://www.sec.gov/Archives/edgar/data/97210/000095017024089858/ter-20240630.htm"
  },
  {
    "date": "2024-03-31",
    "symbol": "TER",
    "reportedCurrency": "USD",
    "cik": "0000097210",
    "fillingDate": "2024-05-03",
    "acceptedDate": "2024-05-03 15:00:46",
    "calendarYear": "2024",
    "period": "Q1",
    "revenue": 597539000,
    "costOfRevenue": 260278000,
    "grossProfit": 337261000,
    "grossProfitRatio": 0.5644167159,
    "researchAndDevelopmentExpenses": 103199000,
    "generalAndAdministrativeExpenses": 0,
    "sellingAndMarketingExpenses": 0,
    "sellingGeneralAndAdministrativeExpenses": 149188000,
    "otherExpenses": -4956000,
    "operatingExpenses": 257343000,
    "costAndExpenses": 517621000,
    "interestIncome": 7867000,
    "interestExpense": 661000,
    "depreciationAndAmortization": 28051000,
    "ebitda": 101614000,
    "ebitdaratio": 0.1806894613,
    "operatingIncome": 79918000,
    "operatingIncomeRatio": 0.1337452451,
    "totalOtherIncomeExpensesNet": -4869000,
    "incomeBeforeTax": 72902000,
    "incomeBeforeTaxRatio": 0.1220037521,
    "incomeTaxExpense": 8705000,
    "netIncome": 64197000,
    "netIncomeRatio": 0.1074356653,
    "eps": 0.42,
    "epsdiluted": 0.4,
    "weightedAverageShsOut": 153047000,
    "weightedAverageShsOutDil": 162348000,
    "link": "https://www.sec.gov/Archives/edgar/data/97210/000095017024052761/0000950170-24-052761-index.htm",
    "finalLink": "https://www.sec.gov/Archives/edgar/data/97210/000095017024052761/ter-20240331.htm"
  },
  {
    "date": "2023-12-31",
    "symbol": "TER",
    "reportedCurrency": "USD",
    "cik": "0000097210",
    "fillingDate": "2024-02-22",
    "acceptedDate": "2024-02-22 15:34:26",
    "calendarYear": "2023",
    "period": "Q4",
    "revenue": 670600000,
    "costOfRevenue": 291532000,
    "grossProfit": 379068000,
    "grossProfitRatio": 0.5652669251,
    "researchAndDevelopmentExpenses": 102207000,
    "generalAndAdministrativeExpenses": 0,
    "sellingAndMarketingExpenses": 0,
    "sellingGeneralAndAdministrativeExpenses": 142336000,
    "otherExpenses": 255221000000,
    "operatingExpenses": 248717000,
    "costAndExpenses": 540249000,
    "interestIncome": 8862000,
    "interestExpense": 812000,
    "depreciationAndAmortization": 27911000,
    "ebitda": 168529000,
    "ebitdaratio": 0.2360005965,
    "operatingIncome": 130351000,
    "operatingIncomeRatio": 0.19437966,
    "totalOtherIncomeExpensesNet": 15483000,
    "incomeBeforeTax": 139806000,
    "incomeBeforeTaxRatio": 0.2084789741,
    "incomeTaxExpense": 22752000,
    "netIncome": 117054000,
    "netIncomeRatio": 0.1745511482,
    "eps": 0.77,
    "epsdiluted": 0.72,
    "weightedAverageShsOut": 152812000,
    "weightedAverageShsOutDil": 162106000,
    "link": "https://www.sec.gov/Archives/edgar/data/97210/000095017024018701/0000950170-24-018701-index.htm",
    "finalLink": "https://www.sec.gov/Archives/edgar/data/97210/000095017024018701/ter-20231231.htm"
  },
  {
    "date": "2023-10-01",
    "symbol": "TER",
    "reportedCurrency": "USD",
    "cik": "0000097210",
    "fillingDate": "2023-11-03",
    "acceptedDate": "2023-11-03 13:25:17",
    "calendarYear": "2023",
    "period": "Q3",
    "revenue": 699772000,
    "costOfRevenue": 299087000,
    "grossProfit": 400685000,
    "grossProfitRatio": 0.5725936448,
    "researchAndDevelopmentExpenses": 104413000,
    "generalAndAdministrativeExpenses": 0,
    "sellingAndMarketingExpenses": 0,
    "sellingGeneralAndAdministrativeExpenses": 138330000,
    "otherExpenses": 254319000,
    "operatingExpenses": 253817000,
    "costAndExpenses": 552904000,
    "interestIncome": 6873000,
    "interestExpense": 963000,
    "depreciationAndAmortization": 28347000,
    "ebitda": 173590000,
    "ebitdaratio": 0.250388698,
    "operatingIncome": 146868000,
    "operatingIncomeRatio": 0.2098797894,
    "totalOtherIncomeExpensesNet": 308000,
    "incomeBeforeTax": 144280000,
    "incomeBeforeTaxRatio": 0.206181442,
    "incomeTaxExpense": 16164000,
    "netIncome": 128116000,
    "netIncomeRatio": 0.1830824897,
    "eps": 0.83,
    "epsdiluted": 0.78,
    "weightedAverageShsOut": 153762000,
    "weightedAverageShsOutDil": 164050000,
    "link": "https://www.sec.gov/Archives/edgar/data/97210/000095017023058679/0000950170-23-058679-index.htm",
    "finalLink": "https://www.sec.gov/Archives/edgar/data/97210/000095017023058679/ter-20231001.htm"
  },
  {
    "date": "2023-07-02",
    "symbol": "TER",
    "reportedCurrency": "USD",
    "cik": "0000097210",
    "fillingDate": "2023-08-04",
    "acceptedDate": "2023-08-04 15:11:43",
    "calendarYear": "2023",
    "period": "Q2",
    "revenue": 684023000,
    "costOfRevenue": 281817000,
    "grossProfit": 402206000,
    "grossProfitRatio": 0.5880006959,
    "researchAndDevelopmentExpenses": 105706000,
    "generalAndAdministrativeExpenses": 0,
    "sellingAndMarketingExpenses": 0,
    "sellingGeneralAndAdministrativeExpenses": 145695000,
    "otherExpenses": 111830000,
    "operatingExpenses": 256353999,
    "costAndExpenses": 538171000,
    "interestIncome": 6354000,
    "interestExpense": 1044999,
    "depreciationAndAmortization": 27376000,
    "ebitda": 172823000,
    "ebitdaratio": 0.2532487943,
    "operatingIncome": 145852000,
    "operatingIncomeRatio": 0.2132267482,
    "totalOtherIncomeExpensesNet": 4494000,
    "incomeBeforeTax": 144402000,
    "incomeBeforeTaxRatio": 0.2111069365,
    "incomeTaxExpense": 24352000,
    "netIncome": 120050000,
    "netIncomeRatio": 0.1755057944,
    "eps": 0.78,
    "epsdiluted": 0.73,
    "weightedAverageShsOut": 154760000,
    "weightedAverageShsOutDil": 164751000,
    "link": "https://www.sec.gov/Archives/edgar/data/97210/000119312523203780/0001193125-23-203780-index.htm",
    "finalLink": "https://www.sec.gov/Archives/edgar/data/97210/000119312523203780/d417157d10q.htm"
  },
  {
    "date": "2023-04-02",
    "symbol": "TER",
    "reportedCurrency": "USD",
    "cik": "0000097210",
    "fillingDate": "2023-05-05",
    "acceptedDate": "2023-05-05 15:14:46",
    "calendarYear": "2023",
    "period": "Q1",
    "revenue": 615991000,
    "costOfRevenue": 263361000,
    "grossProfit": 352630000,
    "grossProfitRatio": 0.5724596626,
    "researchAndDevelopmentExpenses": 105762000,
    "generalAndAdministrativeExpenses": 0,
    "sellingAndMarketingExpenses": 0,
    "sellingGeneralAndAdministrativeExpenses": 150955000,
    "otherExpenses": 4802000,
    "operatingExpenses": 261267000,
    "costAndExpenses": 524628000,
    "interestIncome": 5258000,
    "interestExpense": 987000,
    "depreciationAndAmortization": 27482000,
    "ebitda": 125553000,
    "ebitdaratio": 0.1929330136,
    "operatingIncome": 91363000,
    "operatingIncomeRatio": 0.1483187254,
    "totalOtherIncomeExpensesNet": 4220000,
    "incomeBeforeTax": 97084000,
    "incomeBeforeTaxRatio": 0.1576061988,
    "incomeTaxExpense": 13553000,
    "netIncome": 83531000,
    "netIncomeRatio": 0.135604254,
    "eps": 0.54,
    "epsdiluted": 0.5,
    "weightedAverageShsOut": 155904000,
    "weightedAverageShsOutDil": 166308000,
    "link": "https://www.sec.gov/Archives/edgar/data/97210/000119312523136994/0001193125-23-136994-index.htm",
    "finalLink": "https://www.sec.gov/Archives/edgar/data/97210/000119312523136994/d489720d10q.htm"
  },
  {
    "date": "2022-12-31",
    "symbol": "TER",
    "reportedCurrency": "USD",
    "cik": "0000097210",
    "fillingDate": "2023-02-22",
    "acceptedDate": "2023-02-22 15:12:27",
    "calendarYear": "2022",
    "period": "Q4",
    "revenue": 731836000,
    "costOfRevenue": 311387000,
    "grossProfit": 420449000,
    "grossProfitRatio": 0.5745125957,
    "researchAndDevelopmentExpenses": 108810000,
    "generalAndAdministrativeExpenses": 0,
    "sellingAndMarketingExpenses": 0,
    "sellingGeneralAndAdministrativeExpenses": 142752000,
    "otherExpenses": 4670000,
    "operatingExpenses": 256232000,
    "costAndExpenses": 567619000,
    "interestIncome": 28651000,
    "interestExpense": 1015000,
    "depreciationAndAmortization": 27531000,
    "ebitda": 223783000,
    "ebitdaratio": 0.2591810187,
    "operatingIncome": 166586000,
    "operatingIncomeRatio": 0.2276275012,
    "totalOtherIncomeExpensesNet": 28650000,
    "incomeBeforeTax": 195237000,
    "incomeBeforeTaxRatio": 0.2667769828,
    "incomeTaxExpense": 22936000,
    "netIncome": 172301000,
    "netIncomeRatio": 0.2354366279,
    "eps": 1.11,
    "epsdiluted": 1.04,
    "weightedAverageShsOut": 155762000,
    "weightedAverageShsOutDil": 165468000,
    "link": "https://www.sec.gov/Archives/edgar/data/97210/000119312523044711/0001193125-23-044711-index.htm",
    "finalLink": "https://www.sec.gov/Archives/edgar/data/97210/000119312523044711/d414778d10k.htm"
  },
  {
    "date": "2022-10-02",
    "symbol": "TER",
    "reportedCurrency": "USD",
    "cik": "0000097210",
    "fillingDate": "2022-11-04",
    "acceptedDate": "2022-11-04 15:08:47",
    "calendarYear": "2022",
    "period": "Q3",
    "revenue": 827073000,
    "costOfRevenue": 341694000,
    "grossProfit": 485379000,
    "grossProfitRatio": 0.5868635538,
    "researchAndDevelopmentExpenses": 111715000,
    "generalAndAdministrativeExpenses": 0,
    "sellingAndMarketingExpenses": 0,
    "sellingGeneralAndAdministrativeExpenses": 135632000,
    "otherExpenses": 0,
    "operatingExpenses": 259721000,
    "costAndExpenses": 601415000,
    "interestIncome": 539000,
    "interestExpense": 779000,
    "depreciationAndAmortization": 28358999,
    "ebitda": 255147000,
    "ebitdaratio": 0.3156504916,
    "operatingIncome": 232707000,
    "operatingIncomeRatio": 0.2813621047,
    "totalOtherIncomeExpensesNet": -5310000,
    "incomeBeforeTax": 226197000,
    "incomeBeforeTaxRatio": 0.2734909736,
    "incomeTaxExpense": 42712000,
    "netIncome": 183485000,
    "netIncomeRatio": 0.2218486155,
    "eps": 1.1,
    "epsdiluted": 1.1,
    "weightedAverageShsOut": 166804545,
    "weightedAverageShsOutDil": 166733000,
    "link": "https://www.sec.gov/Archives/edgar/data/97210/000119312522277821/0001193125-22-277821-index.htm",
    "finalLink": "https://www.sec.gov/Archives/edgar/data/97210/000119312522277821/d386683d10q.htm"
  },
  {
    "date": "2022-07-03",
    "symbol": "TER",
    "reportedCurrency": "USD",
    "cik": "0000097210",
    "fillingDate": "2022-08-05",
    "acceptedDate": "2022-08-05 14:29:02",
    "calendarYear": "2022",
    "period": "Q2",
    "revenue": 840766000,
    "costOfRevenue": 334377000,
    "grossProfit": 506389000,
    "grossProfitRatio": 0.6022948121,
    "researchAndDevelopmentExpenses": 111951000,
    "generalAndAdministrativeExpenses": 0,
    "sellingAndMarketingExpenses": 0,
    "sellingGeneralAndAdministrativeExpenses": 139533000,
    "otherExpenses": 4871000,
    "operatingExpenses": 256355000,
    "costAndExpenses": 590732000,
    "interestIncome": 951000,
    "interestExpense": 9398000,
    "depreciationAndAmortization": 26828000,
    "ebitda": 266333000,
    "ebitdaratio": 0.3292866267,
    "operatingIncome": 247990000,
    "operatingIncomeRatio": 0.2949572176,
    "totalOtherIncomeExpensesNet": -9398000,
    "incomeBeforeTax": 238592000,
    "incomeBeforeTaxRatio": 0.2837793155,
    "incomeTaxExpense": 40805000,
    "netIncome": 197787000,
    "netIncomeRatio": 0.2352461922,
    "eps": 1.16,
    "epsdiluted": 1.16,
    "weightedAverageShsOut": 170506034,
    "weightedAverageShsOutDil": 171159000,
    "link": "https://www.sec.gov/Archives/edgar/data/97210/000119312522213485/0001193125-22-213485-index.htm",
    "finalLink": "https://www.sec.gov/Archives/edgar/data/97210/000119312522213485/d297974d10q.htm"
  },
  {
    "date": "2022-04-03",
    "symbol": "TER",
    "reportedCurrency": "USD",
    "cik": "0000097210",
    "fillingDate": "2022-05-06",
    "acceptedDate": "2022-05-06 14:57:27",
    "calendarYear": "2022",
    "period": "Q1",
    "revenue": 755370000,
    "costOfRevenue": 300437000,
    "grossProfit": 454933000,
    "grossProfitRatio": 0.6022651151,
    "researchAndDevelopmentExpenses": 108116000,
    "generalAndAdministrativeExpenses": 0,
    "sellingAndMarketingExpenses": 0,
    "sellingGeneralAndAdministrativeExpenses": 140185000,
    "otherExpenses": 5063000,
    "operatingExpenses": 253364000,
    "costAndExpenses": 553801000,
    "interestIncome": 703000,
    "interestExpense": 5496000,
    "depreciationAndAmortization": 27566000,
    "ebitda": 208937000,
    "ebitdaratio": 0.3035664641,
    "operatingIncome": 185855000,
    "operatingIncomeRatio": 0.2460449846,
    "totalOtherIncomeExpensesNet": -5496000,
    "incomeBeforeTax": 180359000,
    "incomeBeforeTaxRatio": 0.2387690801,
    "incomeTaxExpense": 18431000,
    "netIncome": 161928000,
    "netIncomeRatio": 0.2143691171,
    "eps": 0.92,
    "epsdiluted": 0.92,
    "weightedAverageShsOut": 175575000,
    "weightedAverageShsOutDil": 175575000,
    "link": "https://www.sec.gov/Archives/edgar/data/97210/000119312522143504/0001193125-22-143504-index.htm",
    "finalLink": "https://www.sec.gov/Archives/edgar/data/97210/000119312522143504/d300073d10q.htm"
  },
  {
    "date": "2021-12-31",
    "symbol": "TER",
    "reportedCurrency": "USD",
    "cik": "0000097210",
    "fillingDate": "2022-02-23",
    "acceptedDate": "2022-02-23 15:19:17",
    "calendarYear": "2021",
    "period": "Q4",
    "revenue": 885047000,
    "costOfRevenue": 357998000,
    "grossProfit": 527049000,
    "grossProfitRatio": 0.5955039676,
    "researchAndDevelopmentExpenses": 109965000,
    "generalAndAdministrativeExpenses": 0,
    "sellingAndMarketingExpenses": 0,
    "sellingGeneralAndAdministrativeExpenses": 142747000,
    "otherExpenses": -13849000,
    "operatingExpenses": 257875000,
    "costAndExpenses": 615873000,
    "interestIncome": 561000,
    "interestExpense": 1256000,
    "depreciationAndAmortization": 28370000,
    "ebitda": 294016000,
    "ebitdaratio": 0.3380238564,
    "operatingIncome": 264436000,
    "operatingIncomeRatio": 0.2987818726,
    "totalOtherIncomeExpensesNet": -1254000,
    "incomeBeforeTax": 263180000,
    "incomeBeforeTaxRatio": 0.2973627389,
    "incomeTaxExpense": 32896000,
    "netIncome": 224040000,
    "netIncomeRatio": 0.2531390988,
    "eps": 1.41,
    "epsdiluted": 1.29,
    "weightedAverageShsOut": 162769000,
    "weightedAverageShsOutDil": 178020000,
    "link": "https://www.sec.gov/Archives/edgar/data/97210/000119312522049828/0001193125-22-049828-index.htm",
    "finalLink": "https://www.sec.gov/Archives/edgar/data/97210/000119312522049828/d213661d10k.htm"
  },
  {
    "date": "2021-10-03",
    "symbol": "TER",
    "reportedCurrency": "USD",
    "cik": "0000097210",
    "fillingDate": "2021-11-05",
    "acceptedDate": "2021-11-05 15:48:02",
    "calendarYear": "2021",
    "period": "Q3",
    "revenue": 950501000,
    "costOfRevenue": 379500000,
    "grossProfit": 571001000,
    "grossProfitRatio": 0.6007368746,
    "researchAndDevelopmentExpenses": 107220000,
    "generalAndAdministrativeExpenses": 0,
    "sellingAndMarketingExpenses": 0,
    "sellingGeneralAndAdministrativeExpenses": 134829000,
    "otherExpenses": -21486000,
    "operatingExpenses": 247404000,
    "costAndExpenses": 626904000,
    "interestIncome": 626000,
    "interestExpense": 24645000,
    "depreciationAndAmortization": 27373000,
    "ebitda": 328913000,
    "ebitdaratio": 0.3723278566,
    "operatingIncome": 322400000,
    "operatingIncomeRatio": 0.3391895432,
    "totalOtherIncomeExpensesNet": -24645000,
    "incomeBeforeTax": 297755000,
    "incomeBeforeTaxRatio": 0.3132611118,
    "incomeTaxExpense": 41037000,
    "netIncome": 256718000,
    "netIncomeRatio": 0.2700870383,
    "eps": 1.56,
    "epsdiluted": 1.41,
    "weightedAverageShsOut": 164583000,
    "weightedAverageShsOutDil": 181987000,
    "link": "https://www.sec.gov/Archives/edgar/data/97210/000119312521321554/0001193125-21-321554-index.htm",
    "finalLink": "https://www.sec.gov/Archives/edgar/data/97210/000119312521321554/d207854d10q.htm"
  },
  {
    "date": "2021-07-04",
    "symbol": "TER",
    "reportedCurrency": "USD",
    "cik": "0000097210",
    "fillingDate": "2021-08-06",
    "acceptedDate": "2021-08-06 11:31:44",
    "calendarYear": "2021",
    "period": "Q2",
    "revenue": 1085728000,
    "costOfRevenue": 438739000,
    "grossProfit": 646989000,
    "grossProfitRatio": 0.5959033939,
    "researchAndDevelopmentExpenses": 110021000,
    "generalAndAdministrativeExpenses": 0,
    "sellingAndMarketingExpenses": 0,
    "sellingGeneralAndAdministrativeExpenses": 140187000,
    "otherExpenses": 87000,
    "operatingExpenses": 255610000,
    "costAndExpenses": 694349000,
    "interestIncome": 633000,
    "interestExpense": 4846000,
    "depreciationAndAmortization": 27340000,
    "ebitda": 416932000,
    "ebitdaratio": 0.3894511332,
    "operatingIncome": 388872000,
    "operatingIncomeRatio": 0.3581670547,
    "totalOtherIncomeExpensesNet": -4846000,
    "incomeBeforeTax": 384026000,
    "incomeBeforeTaxRatio": 0.3537036901,
    "incomeTaxExpense": 55707000,
    "netIncome": 328319000,
    "netIncomeRatio": 0.3023952592,
    "eps": 1.98,
    "epsdiluted": 1.76,
    "weightedAverageShsOut": 165995000,
    "weightedAverageShsOutDil": 186750000,
    "link": "https://www.sec.gov/Archives/edgar/data/97210/000119312521238886/0001193125-21-238886-index.htm",
    "finalLink": "https://www.sec.gov/Archives/edgar/data/97210/000119312521238886/d93533d10q.htm"
  },
  {
    "date": "2021-04-04",
    "symbol": "TER",
    "reportedCurrency": "USD",
    "cik": "0000097210",
    "fillingDate": "2021-05-07",
    "acceptedDate": "2021-05-07 14:19:39",
    "calendarYear": "2021",
    "period": "Q1",
    "revenue": 781606000,
    "costOfRevenue": 319988000,
    "grossProfit": 461618000,
    "grossProfitRatio": 0.5906019145,
    "researchAndDevelopmentExpenses": 100402000,
    "generalAndAdministrativeExpenses": 0,
    "sellingAndMarketingExpenses": 0,
    "sellingGeneralAndAdministrativeExpenses": 129797000,
    "otherExpenses": -3824000,
    "operatingExpenses": 235735000,
    "costAndExpenses": 555723000,
    "interestIncome": 808000,
    "interestExpense": 9020000,
    "depreciationAndAmortization": 33732000,
    "ebitda": 259005000,
    "ebitdaratio": 0.3321558432,
    "operatingIncome": 233013000,
    "operatingIncomeRatio": 0.2981207923,
    "totalOtherIncomeExpensesNet": -9020000,
    "incomeBeforeTax": 223993000,
    "incomeBeforeTaxRatio": 0.286580451,
    "incomeTaxExpense": 18481000,
    "netIncome": 205512000,
    "netIncomeRatio": 0.2629355455,
    "eps": 1.23,
    "epsdiluted": 1.09,
    "weightedAverageShsOut": 166491000,
    "weightedAverageShsOutDil": 187740000,
    "link": "https://www.sec.gov/Archives/edgar/data/97210/000119312521154707/0001193125-21-154707-index.htm",
    "finalLink": "https://www.sec.gov/Archives/edgar/data/97210/000119312521154707/d122241d10q.htm"
  },
  {
    "date": "2020-12-31",
    "symbol": "TER",
    "reportedCurrency": "USD",
    "cik": "0000097210",
    "fillingDate": "2021-02-22",
    "acceptedDate": "2021-02-22 16:04:39",
    "calendarYear": "2020",
    "period": "Q4",
    "revenue": 758968000,
    "costOfRevenue": 309179000,
    "grossProfit": 449789000,
    "grossProfitRatio": 0.5926323639,
    "researchAndDevelopmentExpenses": 100795000,
    "generalAndAdministrativeExpenses": 0,
    "sellingAndMarketingExpenses": 0,
    "sellingGeneralAndAdministrativeExpenses": 124279000,
    "otherExpenses": -5597000,
    "operatingExpenses": 230826000,
    "costAndExpenses": 540005000,
    "interestIncome": 793000,
    "interestExpense": 11155000,
    "depreciationAndAmortization": 32055000,
    "ebitda": 243222000,
    "ebitdaratio": 0.3307359467,
    "operatingIncome": 234080000,
    "operatingIncomeRatio": 0.3084188003,
    "totalOtherIncomeExpensesNet": -11155000,
    "incomeBeforeTax": 222925000,
    "incomeBeforeTaxRatio": 0.2937212109,
    "incomeTaxExpense": 26595000,
    "netIncome": 196332000,
    "netIncomeRatio": 0.258682843,
    "eps": 1.18,
    "epsdiluted": 1.05,
    "weightedAverageShsOut": 166085000,
    "weightedAverageShsOutDil": 186837000,
    "link": "https://www.sec.gov/Archives/edgar/data/97210/000119312521050735/0001193125-21-050735-index.htm",
    "finalLink": "https://www.sec.gov/Archives/edgar/data/97210/000119312521050735/d69963d10k.htm"
  },
  {
    "date": "2020-09-27",
    "symbol": "TER",
    "reportedCurrency": "USD",
    "cik": "0000097210",
    "fillingDate": "2020-11-02",
    "acceptedDate": "2020-11-02 14:38:16",
    "calendarYear": "2020",
    "period": "Q3",
    "revenue": 819484000,
    "costOfRevenue": 360556000,
    "grossProfit": 458928000,
    "grossProfitRatio": 0.560020696,
    "researchAndDevelopmentExpenses": 94909000,
    "generalAndAdministrativeExpenses": 0,
    "sellingAndMarketingExpenses": 0,
    "sellingGeneralAndAdministrativeExpenses": 115840000,
    "otherExpenses": -764000,
    "operatingExpenses": 216968000,
    "costAndExpenses": 577524000,
    "interestIncome": 1071000,
    "interestExpense": 6237000,
    "depreciationAndAmortization": 30149000,
    "ebitda": 268875000,
    "ebitdaratio": 0.2982462135,
    "operatingIncome": 269661000,
    "operatingIncomeRatio": 0.3290619463,
    "totalOtherIncomeExpensesNet": -5930000,
    "incomeBeforeTax": 263731000,
    "incomeBeforeTaxRatio": 0.3218256854,
    "incomeTaxExpense": 41013000,
    "netIncome": 222718000,
    "netIncomeRatio": 0.2717783386,
    "eps": 1.34,
    "epsdiluted": 1.21,
    "weightedAverageShsOut": 166014000,
    "weightedAverageShsOutDil": 184338000,
    "link": "https://www.sec.gov/Archives/edgar/data/97210/000119312520283796/0001193125-20-283796-index.htm",
    "finalLink": "https://www.sec.gov/Archives/edgar/data/97210/000119312520283796/d58367d10q.htm"
  },
  {
    "date": "2020-06-28",
    "symbol": "TER",
    "reportedCurrency": "USD",
    "cik": "0000097210",
    "fillingDate": "2020-08-03",
    "acceptedDate": "2020-08-03 14:25:39",
    "calendarYear": "2020",
    "period": "Q2",
    "revenue": 838661000,
    "costOfRevenue": 367188000,
    "grossProfit": 471473000,
    "grossProfitRatio": 0.5621735123,
    "researchAndDevelopmentExpenses": 94102000,
    "generalAndAdministrativeExpenses": 0,
    "sellingAndMarketingExpenses": 0,
    "sellingGeneralAndAdministrativeExpenses": 113259000,
    "otherExpenses": -782000,
    "operatingExpenses": 216302000,
    "costAndExpenses": 583490000,
    "interestIncome": 1368000,
    "interestExpense": 6043000,
    "depreciationAndAmortization": 32659000,
    "ebitda": 286967000,
    "ebitdaratio": 0.3875844948,
    "operatingIncome": 217949000,
    "operatingIncomeRatio": 0.2598773521,
    "totalOtherIncomeExpensesNet": -658000,
    "incomeBeforeTax": 217291000,
    "incomeBeforeTaxRatio": 0.2590927681,
    "incomeTaxExpense": 28383000,
    "netIncome": 188908000,
    "netIncomeRatio": 0.2252495347,
    "eps": 1.14,
    "epsdiluted": 1.05,
    "weightedAverageShsOut": 165789000,
    "weightedAverageShsOutDil": 180257000,
    "link": "https://www.sec.gov/Archives/edgar/data/97210/000119312520207892/0001193125-20-207892-index.htm",
    "finalLink": "https://www.sec.gov/Archives/edgar/data/97210/000119312520207892/d861742d10q.htm"
  },
  {
    "date": "2020-03-29",
    "symbol": "TER",
    "reportedCurrency": "USD",
    "cik": "0000097210",
    "fillingDate": "2020-05-04",
    "acceptedDate": "2020-05-04 14:43:38",
    "calendarYear": "2020",
    "period": "Q1",
    "revenue": 704355000,
    "costOfRevenue": 298805000,
    "grossProfit": 405550000,
    "grossProfitRatio": 0.5757749998,
    "researchAndDevelopmentExpenses": 85159000,
    "generalAndAdministrativeExpenses": 0,
    "sellingAndMarketingExpenses": 0,
    "sellingGeneralAndAdministrativeExpenses": 111388000,
    "otherExpenses": -328000,
    "operatingExpenses": 206438000,
    "costAndExpenses": 505243000,
    "interestIncome": 2751000,
    "interestExpense": 9649000,
    "depreciationAndAmortization": 31880000,
    "ebitda": 230637000,
    "ebitdaratio": 0.3279482647,
    "operatingIncome": 206718000,
    "operatingIncomeRatio": 0.2934855293,
    "totalOtherIncomeExpensesNet": -9649000,
    "incomeBeforeTax": 197069000,
    "incomeBeforeTaxRatio": 0.2797864713,
    "incomeTaxExpense": 20878000,
    "netIncome": 176191000,
    "netIncomeRatio": 0.2501451683,
    "eps": 1.06,
    "epsdiluted": 0.97,
    "weightedAverageShsOut": 166589000,
    "weightedAverageShsOutDil": 180736000,
    "link": "https://www.sec.gov/Archives/edgar/data/97210/000119312520132242/0001193125-20-132242-index.htm",
    "finalLink": "https://www.sec.gov/Archives/edgar/data/97210/000119312520132242/d895361d10q.htm"
  },
  {
    "date": "2019-12-31",
    "symbol": "TER",
    "reportedCurrency": "USD",
    "cik": "0000097210",
    "fillingDate": "2020-03-02",
    "acceptedDate": "2020-03-02 14:20:16",
    "calendarYear": "2019",
    "period": "Q4",
    "revenue": 654650000,
    "costOfRevenue": 271412000,
    "grossProfit": 383238000,
    "grossProfitRatio": 0.5854089972,
    "researchAndDevelopmentExpenses": 86794000,
    "generalAndAdministrativeExpenses": 0,
    "sellingAndMarketingExpenses": 0,
    "sellingGeneralAndAdministrativeExpenses": 117092000,
    "otherExpenses": -22965000,
    "operatingExpenses": 213670000,
    "costAndExpenses": 485082000,
    "interestIncome": 6144000,
    "interestExpense": 7770000,
    "depreciationAndAmortization": 32298000,
    "ebitda": 192064000,
    "ebitdaratio": 0.3083571374,
    "operatingIncome": 171656000,
    "operatingIncomeRatio": 0.2622103414,
    "totalOtherIncomeExpensesNet": -22771000,
    "incomeBeforeTax": 163886000,
    "incomeBeforeTaxRatio": 0.2503414038,
    "incomeTaxExpense": 27103000,
    "netIncome": 125073000,
    "netIncomeRatio": 0.1910532346,
    "eps": 0.82,
    "epsdiluted": 0.75,
    "weightedAverageShsOut": 167286000,
    "weightedAverageShsOutDil": 181780000,
    "link": "https://www.sec.gov/Archives/edgar/data/97210/000119312520058676/0001193125-20-058676-index.htm",
    "finalLink": "https://www.sec.gov/Archives/edgar/data/97210/000119312520058676/d860886d10k.htm"
  },
  {
    "date": "2019-09-29",
    "symbol": "TER",
    "reportedCurrency": "USD",
    "cik": "0000097210",
    "fillingDate": "2019-11-08",
    "acceptedDate": "2019-11-08 12:53:14",
    "calendarYear": "2019",
    "period": "Q3",
    "revenue": 582038000,
    "costOfRevenue": 237000000,
    "grossProfit": 345038000,
    "grossProfitRatio": 0.5928100914,
    "researchAndDevelopmentExpenses": 77804000,
    "generalAndAdministrativeExpenses": 0,
    "sellingAndMarketingExpenses": 0,
    "sellingGeneralAndAdministrativeExpenses": 109166000,
    "otherExpenses": -2665000,
    "operatingExpenses": 196617000,
    "costAndExpenses": 433617000,
    "interestIncome": 5159000,
    "interestExpense": 3188000,
    "depreciationAndAmortization": 29499000,
    "ebitda": 177661000,
    "ebitdaratio": 0.3056845086,
    "operatingIncome": 154921000,
    "operatingIncomeRatio": 0.2661699064,
    "totalOtherIncomeExpensesNet": -3188000,
    "incomeBeforeTax": 151733000,
    "incomeBeforeTaxRatio": 0.2606926008,
    "incomeTaxExpense": 15873000,
    "netIncome": 135860000,
    "netIncomeRatio": 0.2334211856,
    "eps": 0.8,
    "epsdiluted": 0.75,
    "weightedAverageShsOut": 169641000,
    "weightedAverageShsOutDil": 180494000,
    "link": "https://www.sec.gov/Archives/edgar/data/97210/000119312519288119/0001193125-19-288119-index.htm",
    "finalLink": "https://www.sec.gov/Archives/edgar/data/97210/000119312519288119/d788269d10q.htm"
  },
  {
    "date": "2019-06-30",
    "symbol": "TER",
    "reportedCurrency": "USD",
    "cik": "0000097210",
    "fillingDate": "2019-08-09",
    "acceptedDate": "2019-08-09 12:37:47",
    "calendarYear": "2019",
    "period": "Q2",
    "revenue": 564178000,
    "costOfRevenue": 240260000,
    "grossProfit": 323918000,
    "grossProfitRatio": 0.5741414944,
    "researchAndDevelopmentExpenses": 81434000,
    "generalAndAdministrativeExpenses": 0,
    "sellingAndMarketingExpenses": 0,
    "sellingGeneralAndAdministrativeExpenses": 108811000,
    "otherExpenses": -2447000,
    "operatingExpenses": 200328000,
    "costAndExpenses": 440588000,
    "interestIncome": 5430000,
    "interestExpense": 2817000,
    "depreciationAndAmortization": 29265000,
    "ebitda": 152888000,
    "ebitdaratio": 0.270933996,
    "operatingIncome": 133994000,
    "operatingIncomeRatio": 0.2375030575,
    "totalOtherIncomeExpensesNet": -2817000,
    "incomeBeforeTax": 131177000,
    "incomeBeforeTaxRatio": 0.2325099525,
    "incomeTaxExpense": 33780000,
    "netIncome": 97397000,
    "netIncomeRatio": 0.1726352321,
    "eps": 0.57,
    "epsdiluted": 0.55,
    "weightedAverageShsOut": 171241000,
    "weightedAverageShsOutDil": 178590000,
    "link": "https://www.sec.gov/Archives/edgar/data/97210/000119312519217772/0001193125-19-217772-index.htm",
    "finalLink": "https://www.sec.gov/Archives/edgar/data/97210/000119312519217772/d746270d10q.htm"
  },
  {
    "date": "2019-03-31",
    "symbol": "TER",
    "reportedCurrency": "USD",
    "cik": "0000097210",
    "fillingDate": "2019-05-10",
    "acceptedDate": "2019-05-10 10:27:18",
    "calendarYear": "2019",
    "period": "Q1",
    "revenue": 494099000,
    "costOfRevenue": 206464000,
    "grossProfit": 287635000,
    "grossProfitRatio": 0.5821404213,
    "researchAndDevelopmentExpenses": 76791000,
    "generalAndAdministrativeExpenses": 0,
    "sellingAndMarketingExpenses": 0,
    "sellingGeneralAndAdministrativeExpenses": 102013000,
    "otherExpenses": -1445000,
    "operatingExpenses": 189438000,
    "costAndExpenses": 395902000,
    "interestIncome": 894000,
    "interestExpense": 894000,
    "depreciationAndAmortization": 29593000,
    "ebitda": 127742000,
    "ebitdaratio": 0.2689784841,
    "operatingIncome": 93085000,
    "operatingIncomeRatio": 0.1883934191,
    "totalOtherIncomeExpensesNet": 894000,
    "incomeBeforeTax": 93979000,
    "incomeBeforeTaxRatio": 0.1902027731,
    "incomeTaxExpense": -15159000,
    "netIncome": 109138000,
    "netIncomeRatio": 0.2208828595,
    "eps": 0.63,
    "epsdiluted": 0.62,
    "weightedAverageShsOut": 173532000,
    "weightedAverageShsOutDil": 176972000,
    "link": "https://www.sec.gov/Archives/edgar/data/97210/000119312519143836/0001193125-19-143836-index.htm",
    "finalLink": "https://www.sec.gov/Archives/edgar/data/97210/000119312519143836/d717687d10q.htm"
  },
  {
    "date": "2018-12-31",
    "symbol": "TER",
    "reportedCurrency": "USD",
    "cik": "0000097210",
    "fillingDate": "2019-03-01",
    "acceptedDate": "2019-03-01 12:03:21",
    "calendarYear": "2018",
    "period": "Q4",
    "revenue": 519558000,
    "costOfRevenue": 210022000,
    "grossProfit": 309536000,
    "grossProfitRatio": 0.5957679412,
    "researchAndDevelopmentExpenses": 74706000,
    "generalAndAdministrativeExpenses": 0,
    "sellingAndMarketingExpenses": 0,
    "sellingGeneralAndAdministrativeExpenses": 100552000,
    "otherExpenses": 2954000,
    "operatingExpenses": 185817000,
    "costAndExpenses": 395839000,
    "interestIncome": 9084000,
    "interestExpense": 1144000,
    "depreciationAndAmortization": 30385000,
    "ebitda": 157185000,
    "ebitdaratio": 0.2966059612,
    "operatingIncome": 112273000,
    "operatingIncomeRatio": 0.2160932947,
    "totalOtherIncomeExpensesNet": -1144000,
    "incomeBeforeTax": 111129000,
    "incomeBeforeTaxRatio": 0.2138914231,
    "incomeTaxExpense": -32662000,
    "netIncome": 143788000,
    "netIncomeRatio": 0.2767506226,
    "eps": 0.8,
    "epsdiluted": 0.79,
    "weightedAverageShsOut": 178958000,
    "weightedAverageShsOutDil": 181520000,
    "link": "https://www.sec.gov/Archives/edgar/data/97210/000119312519059974/0001193125-19-059974-index.htm",
    "finalLink": "https://www.sec.gov/Archives/edgar/data/97210/000119312519059974/d652525d10k.htm"
  },
  {
    "date": "2018-09-30",
    "symbol": "TER",
    "reportedCurrency": "USD",
    "cik": "0000097210",
    "fillingDate": "2018-11-09",
    "acceptedDate": "2018-11-09 11:52:31",
    "calendarYear": "2018",
    "period": "Q3",
    "revenue": 566848000,
    "costOfRevenue": 233155000,
    "grossProfit": 333693000,
    "grossProfitRatio": 0.5886816219,
    "researchAndDevelopmentExpenses": 77049000,
    "generalAndAdministrativeExpenses": 0,
    "sellingAndMarketingExpenses": 0,
    "sellingGeneralAndAdministrativeExpenses": 100199000,
    "otherExpenses": -3405000,
    "operatingExpenses": 188390000,
    "costAndExpenses": 421545000,
    "interestIncome": 6213000,
    "interestExpense": 2749000,
    "depreciationAndAmortization": 29506000,
    "ebitda": 174250000,
    "ebitdaratio": 0.3083877865,
    "operatingIncome": 143593000,
    "operatingIncomeRatio": 0.2533183499,
    "totalOtherIncomeExpensesNet": -2749000,
    "incomeBeforeTax": 140844000,
    "incomeBeforeTaxRatio": 0.2484687253,
    "incomeTaxExpense": 20863000,
    "netIncome": 119981000,
    "netIncomeRatio": 0.2116634442,
    "eps": 0.65,
    "epsdiluted": 0.63,
    "weightedAverageShsOut": 185744000,
    "weightedAverageShsOutDil": 190505000,
    "link": "https://www.sec.gov/Archives/edgar/data/97210/000119312518323422/0001193125-18-323422-index.htm",
    "finalLink": "https://www.sec.gov/Archives/edgar/data/97210/000119312518323422/d601614d10q.htm"
  },
  {
    "date": "2018-07-01",
    "symbol": "TER",
    "reportedCurrency": "USD",
    "cik": "0000097210",
    "fillingDate": "2018-08-10",
    "acceptedDate": "2018-08-10 13:02:38",
    "calendarYear": "2018",
    "period": "Q2",
    "revenue": 526929000,
    "costOfRevenue": 219595000,
    "grossProfit": 307334000,
    "grossProfitRatio": 0.5832550495,
    "researchAndDevelopmentExpenses": 75342000,
    "generalAndAdministrativeExpenses": 0,
    "sellingAndMarketingExpenses": 0,
    "sellingGeneralAndAdministrativeExpenses": 99410000,
    "otherExpenses": -176000,
    "operatingExpenses": 184545000,
    "costAndExpenses": 404140000,
    "interestIncome": 5427000,
    "interestExpense": 388000,
    "depreciationAndAmortization": 27793000,
    "ebitda": 149686000,
    "ebitdaratio": 0.2857728461,
    "operatingIncome": 120400000,
    "operatingIncomeRatio": 0.2284937819,
    "totalOtherIncomeExpensesNet": -388000,
    "incomeBeforeTax": 120012000,
    "incomeBeforeTaxRatio": 0.2277574398,
    "incomeTaxExpense": 18975000,
    "netIncome": 101037000,
    "netIncomeRatio": 0.1917468957,
    "eps": 0.53,
    "epsdiluted": 0.52,
    "weightedAverageShsOut": 190730000,
    "weightedAverageShsOutDil": 194909000,
    "link": "https://www.sec.gov/Archives/edgar/data/97210/000119312518245633/0001193125-18-245633-index.htm",
    "finalLink": "https://www.sec.gov/Archives/edgar/data/97210/000119312518245633/d587623d10q.htm"
  },
  {
    "date": "2018-04-01",
    "symbol": "TER",
    "reportedCurrency": "USD",
    "cik": "0000097210",
    "fillingDate": "2018-05-11",
    "acceptedDate": "2018-05-11 12:08:18",
    "calendarYear": "2018",
    "period": "Q1",
    "revenue": 487467000,
    "costOfRevenue": 217635000,
    "grossProfit": 269832000,
    "grossProfitRatio": 0.5535390088,
    "researchAndDevelopmentExpenses": 74408000,
    "generalAndAdministrativeExpenses": 0,
    "sellingAndMarketingExpenses": 0,
    "sellingGeneralAndAdministrativeExpenses": 90505000,
    "otherExpenses": -805000,
    "operatingExpenses": 172611000,
    "costAndExpenses": 390246000,
    "interestIncome": 5981000,
    "interestExpense": 1714000,
    "depreciationAndAmortization": 25540000,
    "ebitda": 122780000,
    "ebitdaratio": 0.2518344832,
    "operatingIncome": 97534000,
    "operatingIncomeRatio": 0.2000832877,
    "totalOtherIncomeExpensesNet": -1714000,
    "incomeBeforeTax": 95820000,
    "incomeBeforeTaxRatio": 0.1965671522,
    "incomeTaxExpense": 8846000,
    "netIncome": 86974000,
    "netIncomeRatio": 0.1784202828,
    "eps": 0.45,
    "epsdiluted": 0.43,
    "weightedAverageShsOut": 195255000,
    "weightedAverageShsOutDil": 203484000,
    "link": "https://www.sec.gov/Archives/edgar/data/97210/000119312518160479/0001193125-18-160479-index.htm",
    "finalLink": "https://www.sec.gov/Archives/edgar/data/97210/000119312518160479/d503232d10q.htm"
  },
  {
    "date": "2017-12-31",
    "symbol": "TER",
    "reportedCurrency": "USD",
    "cik": "0000097210",
    "fillingDate": "2018-03-01",
    "acceptedDate": "2018-03-01 14:14:00",
    "calendarYear": "2017",
    "period": "Q4",
    "revenue": 479415000,
    "costOfRevenue": 206480000,
    "grossProfit": 272935000,
    "grossProfitRatio": 0.569308428,
    "researchAndDevelopmentExpenses": 70564000,
    "generalAndAdministrativeExpenses": 0,
    "sellingAndMarketingExpenses": 0,
    "sellingGeneralAndAdministrativeExpenses": 88006000,
    "otherExpenses": -1023000,
    "operatingExpenses": 165954000,
    "costAndExpenses": 372434000,
    "interestIncome": 73000,
    "interestExpense": 73000,
    "depreciationAndAmortization": 26519000,
    "ebitda": 135430000,
    "ebitdaratio": 0.2971746816,
    "operatingIncome": 98011000,
    "operatingIncomeRatio": 0.2044387431,
    "totalOtherIncomeExpensesNet": 72000,
    "incomeBeforeTax": 98084000,
    "incomeBeforeTaxRatio": 0.204591012,
    "incomeTaxExpense": 204007000,
    "netIncome": -105923000,
    "netIncomeRatio": -0.22094219,
    "eps": -0.54,
    "epsdiluted": -0.54,
    "weightedAverageShsOut": 195028722,
    "weightedAverageShsOutDil": 196010000,
    "link": "https://www.sec.gov/Archives/edgar/data/97210/000119312518066579/0001193125-18-066579-index.htm",
    "finalLink": "https://www.sec.gov/Archives/edgar/data/97210/000119312518066579/d504255d10k.htm"
  },
  {
    "date": "2017-10-01",
    "symbol": "TER",
    "reportedCurrency": "USD",
    "cik": "0000097210",
    "fillingDate": "2017-11-09",
    "acceptedDate": "2017-11-09 13:34:45",
    "calendarYear": "2017",
    "period": "Q3",
    "revenue": 503378000,
    "costOfRevenue": 208592000,
    "grossProfit": 294786000,
    "grossProfitRatio": 0.5856155811,
    "researchAndDevelopmentExpenses": 77190000,
    "generalAndAdministrativeExpenses": 0,
    "sellingAndMarketingExpenses": 0,
    "sellingGeneralAndAdministrativeExpenses": 86244000,
    "otherExpenses": -439000,
    "operatingExpenses": 170462000,
    "costAndExpenses": 379054000,
    "interestIncome": 4517000,
    "interestExpense": 1294000,
    "depreciationAndAmortization": 26670000,
    "ebitda": 150985000,
    "ebitdaratio": 0.2999614604,
    "operatingIncome": 128731000,
    "operatingIncomeRatio": 0.2557342593,
    "totalOtherIncomeExpensesNet": -1695000,
    "incomeBeforeTax": 127437000,
    "incomeBeforeTaxRatio": 0.2531636265,
    "incomeTaxExpense": 24017000,
    "netIncome": 103420000,
    "netIncomeRatio": 0.2054519665,
    "eps": 0.52,
    "epsdiluted": 0.52,
    "weightedAverageShsOut": 197485000,
    "weightedAverageShsOutDil": 200775000,
    "link": "https://www.sec.gov/Archives/edgar/data/97210/000119312517338478/0001193125-17-338478-index.htm",
    "finalLink": "https://www.sec.gov/Archives/edgar/data/97210/000119312517338478/d428961d10q.htm"
  },
  {
    "date": "2017-07-02",
    "symbol": "TER",
    "reportedCurrency": "USD",
    "cik": "0000097210",
    "fillingDate": "2017-08-11",
    "acceptedDate": "2017-08-11 13:03:50",
    "calendarYear": "2017",
    "period": "Q2",
    "revenue": 696901000,
    "costOfRevenue": 305682000,
    "grossProfit": 391219000,
    "grossProfitRatio": 0.5613695489,
    "researchAndDevelopmentExpenses": 81728000,
    "generalAndAdministrativeExpenses": 0,
    "sellingAndMarketingExpenses": 0,
    "sellingGeneralAndAdministrativeExpenses": 89131000,
    "otherExpenses": -812000,
    "operatingExpenses": 179025000,
    "costAndExpenses": 484707000,
    "interestIncome": 3292000,
    "interestExpense": 3029000,
    "depreciationAndAmortization": 27673000,
    "ebitda": 239867000,
    "ebitdaratio": 0.3441909253,
    "operatingIncome": 209906000,
    "operatingIncomeRatio": 0.301199166,
    "totalOtherIncomeExpensesNet": -926000,
    "incomeBeforeTax": 206877000,
    "incomeBeforeTaxRatio": 0.2968527811,
    "incomeTaxExpense": 31901000,
    "netIncome": 174976000,
    "netIncomeRatio": 0.2510772692,
    "eps": 0.88,
    "epsdiluted": 0.87,
    "weightedAverageShsOut": 198774000,
    "weightedAverageShsOutDil": 201529000,
    "link": "https://www.sec.gov/Archives/edgar/data/97210/000119312517255654/0001193125-17-255654-index.htm",
    "finalLink": "https://www.sec.gov/Archives/edgar/data/97210/000119312517255654/d395788d10q.htm"
  },
  {
    "date": "2017-04-02",
    "symbol": "TER",
    "reportedCurrency": "USD",
    "cik": "0000097210",
    "fillingDate": "2017-05-12",
    "acceptedDate": "2017-05-12 11:55:13",
    "calendarYear": "2017",
    "period": "Q1",
    "revenue": 456913000,
    "costOfRevenue": 191980000,
    "grossProfit": 264933000,
    "grossProfitRatio": 0.5798324845,
    "researchAndDevelopmentExpenses": 76182000,
    "generalAndAdministrativeExpenses": 0,
    "sellingAndMarketingExpenses": 0,
    "sellingGeneralAndAdministrativeExpenses": 84906000,
    "otherExpenses": 516000,
    "operatingExpenses": 169040000,
    "costAndExpenses": 361020000,
    "interestIncome": 3520000,
    "interestExpense": 1366000,
    "depreciationAndAmortization": 27213000,
    "ebitda": 123106000,
    "ebitdaratio": 0.2694298477,
    "operatingIncome": 93382000,
    "operatingIncomeRatio": 0.2043758878,
    "totalOtherIncomeExpensesNet": -1767000,
    "incomeBeforeTax": 92016000,
    "incomeBeforeTaxRatio": 0.2013862595,
    "incomeTaxExpense": 6795000,
    "netIncome": 85221000,
    "netIncomeRatio": 0.1865147194,
    "eps": 0.43,
    "epsdiluted": 0.42,
    "weightedAverageShsOut": 200005000,
    "weightedAverageShsOutDil": 201936000,
    "link": "https://www.sec.gov/Archives/edgar/data/97210/000119312517168243/0001193125-17-168243-index.htm",
    "finalLink": "https://www.sec.gov/Archives/edgar/data/97210/000119312517168243/d369816d10q.htm"
  },
  {
    "date": "2016-12-31",
    "symbol": "TER",
    "reportedCurrency": "USD",
    "cik": "0000097210",
    "fillingDate": "2017-03-01",
    "acceptedDate": "2017-03-01 12:10:57",
    "calendarYear": "2016",
    "period": "Q4",
    "revenue": 379989000,
    "costOfRevenue": 160983000,
    "grossProfit": 219006000,
    "grossProfitRatio": 0.5763482627,
    "researchAndDevelopmentExpenses": 70052000,
    "generalAndAdministrativeExpenses": 0,
    "sellingAndMarketingExpenses": 0,
    "sellingGeneralAndAdministrativeExpenses": 76289000,
    "otherExpenses": -1779000,
    "operatingExpenses": 154264000,
    "costAndExpenses": 315247000,
    "interestIncome": 3095000,
    "interestExpense": 288000,
    "depreciationAndAmortization": 25297000,
    "ebitda": 90087000,
    "ebitdaratio": 0.236951596,
    "operatingIncome": 59172000,
    "operatingIncomeRatio": 0.1557202972,
    "totalOtherIncomeExpensesNet": -288000,
    "incomeBeforeTax": 58884000,
    "incomeBeforeTaxRatio": 0.1549623805,
    "incomeTaxExpense": -7461000,
    "netIncome": 66346000,
    "netIncomeRatio": 0.174599791,
    "eps": 0.33,
    "epsdiluted": 0.33,
    "weightedAverageShsOut": 200810000,
    "weightedAverageShsOutDil": 202947000,
    "link": "https://www.sec.gov/Archives/edgar/data/97210/000119312517064638/0001193125-17-064638-index.htm",
    "finalLink": "https://www.sec.gov/Archives/edgar/data/97210/000119312517064638/d274101d10k.htm"
  },
  {
    "date": "2016-10-02",
    "symbol": "TER",
    "reportedCurrency": "USD",
    "cik": "0000097210",
    "fillingDate": "2016-11-10",
    "acceptedDate": "2016-11-10 11:47:52",
    "calendarYear": "2016",
    "period": "Q3",
    "revenue": 410475000,
    "costOfRevenue": 183116000,
    "grossProfit": 227359000,
    "grossProfitRatio": 0.5538924417,
    "researchAndDevelopmentExpenses": 71400000,
    "generalAndAdministrativeExpenses": 0,
    "sellingAndMarketingExpenses": 0,
    "sellingGeneralAndAdministrativeExpenses": 78794000,
    "otherExpenses": 921000,
    "operatingExpenses": 158681000,
    "costAndExpenses": 341797000,
    "interestIncome": 3180000,
    "interestExpense": 3180000,
    "depreciationAndAmortization": 25364000,
    "ebitda": 94041000,
    "ebitdaratio": 0.2587709361,
    "operatingIncome": 56501000,
    "operatingIncomeRatio": 0.137647847,
    "totalOtherIncomeExpensesNet": 3180000,
    "incomeBeforeTax": 59681000,
    "incomeBeforeTaxRatio": 0.1453949692,
    "incomeTaxExpense": -4113000,
    "netIncome": 63794000,
    "netIncomeRatio": 0.1554150679,
    "eps": 0.32,
    "epsdiluted": 0.31,
    "weightedAverageShsOut": 202211000,
    "weightedAverageShsOutDil": 203929000,
    "link": "https://www.sec.gov/Archives/edgar/data/97210/000119312516765452/0001193125-16-765452-index.htm",
    "finalLink": "https://www.sec.gov/Archives/edgar/data/97210/000119312516765452/d105293d10q.htm"
  },
  {
    "date": "2016-07-03",
    "symbol": "TER",
    "reportedCurrency": "USD",
    "cik": "0000097210",
    "fillingDate": "2016-08-12",
    "acceptedDate": "2016-08-12 12:23:22",
    "calendarYear": "2016",
    "period": "Q2",
    "revenue": 531792000,
    "costOfRevenue": 248922000,
    "grossProfit": 282870000,
    "grossProfitRatio": 0.5319184944,
    "researchAndDevelopmentExpenses": 76109000,
    "generalAndAdministrativeExpenses": 0,
    "sellingAndMarketingExpenses": 0,
    "sellingGeneralAndAdministrativeExpenses": 81425000,
    "otherExpenses": 9000,
    "operatingExpenses": 173778000,
    "costAndExpenses": 422700000,
    "interestIncome": 984000,
    "interestExpense": 984000,
    "depreciationAndAmortization": 32686000,
    "ebitda": -231801000,
    "ebitdaratio": 0.9076311791,
    "operatingIncome": -231801000,
    "operatingIncomeRatio": -0.4358865872,
    "totalOtherIncomeExpensesNet": 984000,
    "incomeBeforeTax": -230817000,
    "incomeBeforeTaxRatio": -0.4340362397,
    "incomeTaxExpense": -7271000,
    "netIncome": -223546000,
    "netIncomeRatio": -0.4203636008,
    "eps": -1.1,
    "epsdiluted": -1.1,
    "weightedAverageShsOut": 203018000,
    "weightedAverageShsOutDil": 203018000,
    "link": "https://www.sec.gov/Archives/edgar/data/97210/000119312516680412/0001193125-16-680412-index.htm",
    "finalLink": "https://www.sec.gov/Archives/edgar/data/97210/000119312516680412/d208481d10q.htm"
  },
  {
    "date": "2016-04-03",
    "symbol": "TER",
    "reportedCurrency": "USD",
    "cik": "0000097210",
    "fillingDate": "2016-05-13",
    "acceptedDate": "2016-05-13 06:06:58",
    "calendarYear": "2016",
    "period": "Q1",
    "revenue": 430994000,
    "costOfRevenue": 200662000,
    "grossProfit": 230332000,
    "grossProfitRatio": 0.5344204328,
    "researchAndDevelopmentExpenses": 73464000,
    "generalAndAdministrativeExpenses": 0,
    "sellingAndMarketingExpenses": 0,
    "sellingGeneralAndAdministrativeExpenses": 79174000,
    "otherExpenses": 147000,
    "operatingExpenses": 172632000,
    "costAndExpenses": 373294000,
    "interestIncome": 1079000,
    "interestExpense": 1079000,
    "depreciationAndAmortization": 36662000,
    "ebitda": 94362000,
    "ebitdaratio": 0.2226225887,
    "operatingIncome": 56113000,
    "operatingIncomeRatio": 0.1301943879,
    "totalOtherIncomeExpensesNet": 1079000,
    "incomeBeforeTax": 57192000,
    "incomeBeforeTaxRatio": 0.132697903,
    "incomeTaxExpense": 7206000,
    "netIncome": 49986000,
    "netIncomeRatio": 0.1159784127,
    "eps": 0.24,
    "epsdiluted": 0.24,
    "weightedAverageShsOut": 204271000,
    "weightedAverageShsOutDil": 205732000,
    "link": "https://www.sec.gov/Archives/edgar/data/97210/000119312516589497/0001193125-16-589497-index.htm",
    "finalLink": "https://www.sec.gov/Archives/edgar/data/97210/000119312516589497/d150554d10q.htm"
  },
  {
    "date": "2015-12-31",
    "symbol": "TER",
    "reportedCurrency": "USD",
    "cik": "0000097210",
    "fillingDate": "2016-02-29",
    "acceptedDate": "2016-02-29 12:10:57",
    "calendarYear": "2015",
    "period": "Q4",
    "revenue": 318444000,
    "costOfRevenue": 152418000,
    "grossProfit": 166026000,
    "grossProfitRatio": 0.5213663941,
    "researchAndDevelopmentExpenses": 70941000,
    "generalAndAdministrativeExpenses": 0,
    "sellingAndMarketingExpenses": 0,
    "sellingGeneralAndAdministrativeExpenses": 79718000,
    "otherExpenses": -363000,
    "operatingExpenses": 170570000,
    "costAndExpenses": 322988000,
    "interestIncome": 891000,
    "interestExpense": 891000,
    "depreciationAndAmortization": 36082000,
    "ebitda": 27988000,
    "ebitdaratio": 0.1153797842,
    "operatingIncome": -9748000,
    "operatingIncomeRatio": -0.0306113477,
    "totalOtherIncomeExpensesNet": 891000,
    "incomeBeforeTax": -8857000,
    "incomeBeforeTaxRatio": -0.0278133675,
    "incomeTaxExpense": -8216000,
    "netIncome": -641000,
    "netIncomeRatio": -0.0020129128,
    "eps": -0.0031,
    "epsdiluted": -0.0031,
    "weightedAverageShsOut": 205113000,
    "weightedAverageShsOutDil": 205113000,
    "link": "https://www.sec.gov/Archives/edgar/data/97210/000119312516484381/0001193125-16-484381-index.htm",
    "finalLink": "https://www.sec.gov/Archives/edgar/data/97210/000119312516484381/d126262d10k.htm"
  },
  {
    "date": "2015-10-04",
    "symbol": "TER",
    "reportedCurrency": "USD",
    "cik": "0000097210",
    "fillingDate": "2015-11-13",
    "acceptedDate": "2015-11-13 10:59:58",
    "calendarYear": "2015",
    "period": "Q3",
    "revenue": 465994000,
    "costOfRevenue": 207368000,
    "grossProfit": 258626000,
    "grossProfitRatio": 0.5549985622,
    "researchAndDevelopmentExpenses": 74027000,
    "generalAndAdministrativeExpenses": 0,
    "sellingAndMarketingExpenses": 0,
    "sellingGeneralAndAdministrativeExpenses": 77481000,
    "otherExpenses": -596000,
    "operatingExpenses": 171561000,
    "costAndExpenses": 378929000,
    "interestIncome": 604000,
    "interestExpense": 604000,
    "depreciationAndAmortization": 37065000,
    "ebitda": 125102000,
    "ebitdaratio": 0.2669369134,
    "operatingIncome": 86804000,
    "operatingIncomeRatio": 0.1862770765,
    "totalOtherIncomeExpensesNet": 604000,
    "incomeBeforeTax": 87408000,
    "incomeBeforeTaxRatio": 0.1875732306,
    "incomeTaxExpense": 15955000,
    "netIncome": 71453000,
    "netIncomeRatio": 0.1533345923,
    "eps": 0.34,
    "epsdiluted": 0.34,
    "weightedAverageShsOut": 210032000,
    "weightedAverageShsOutDil": 211736000,
    "link": "https://www.sec.gov/Archives/edgar/data/97210/000119312515376639/0001193125-15-376639-index.htm",
    "finalLink": "https://www.sec.gov/Archives/edgar/data/97210/000119312515376639/d18275d10q.htm"
  },
  {
    "date": "2015-07-05",
    "symbol": "TER",
    "reportedCurrency": "USD",
    "cik": "0000097210",
    "fillingDate": "2015-08-14",
    "acceptedDate": "2015-08-14 13:29:26",
    "calendarYear": "2015",
    "period": "Q2",
    "revenue": 512739000,
    "costOfRevenue": 214171000,
    "grossProfit": 298568000,
    "grossProfitRatio": 0.5823001566,
    "researchAndDevelopmentExpenses": 75832000,
    "generalAndAdministrativeExpenses": 0,
    "sellingAndMarketingExpenses": 0,
    "sellingGeneralAndAdministrativeExpenses": 77073000,
    "otherExpenses": 116000,
    "operatingExpenses": 168163000,
    "costAndExpenses": 382334000,
    "interestIncome": 1346000,
    "interestExpense": 1346000,
    "depreciationAndAmortization": 33141000,
    "ebitda": 164141000,
    "ebitdaratio": 0.3182145302,
    "operatingIncome": 130790000,
    "operatingIncomeRatio": 0.2550810451,
    "totalOtherIncomeExpensesNet": 1346000,
    "incomeBeforeTax": 132136000,
    "incomeBeforeTaxRatio": 0.2577061624,
    "incomeTaxExpense": 29257000,
    "netIncome": 102879000,
    "netIncomeRatio": 0.2006459427,
    "eps": 0.48,
    "epsdiluted": 0.48,
    "weightedAverageShsOut": 213845000,
    "weightedAverageShsOutDil": 215496000,
    "link": "https://www.sec.gov/Archives/edgar/data/97210/000119312515291444/0001193125-15-291444-index.htm",
    "finalLink": "https://www.sec.gov/Archives/edgar/data/97210/000119312515291444/d941133d10q.htm"
  },
  {
    "date": "2015-04-05",
    "symbol": "TER",
    "reportedCurrency": "USD",
    "cik": "0000097210",
    "fillingDate": "2015-05-08",
    "acceptedDate": "2015-05-08 14:46:29",
    "calendarYear": "2015",
    "period": "Q1",
    "revenue": 342401000,
    "costOfRevenue": 149978000,
    "grossProfit": 192423000,
    "grossProfitRatio": 0.5619814194,
    "researchAndDevelopmentExpenses": 71450000,
    "generalAndAdministrativeExpenses": 0,
    "sellingAndMarketingExpenses": 0,
    "sellingGeneralAndAdministrativeExpenses": 72041000,
    "otherExpenses": 5660000,
    "operatingExpenses": 157299000,
    "costAndExpenses": 307277000,
    "interestIncome": 7314000,
    "interestExpense": 7314000,
    "depreciationAndAmortization": 34484000,
    "ebitda": 69608000,
    "ebitdaratio": 0.2032937988,
    "operatingIncome": 35124000,
    "operatingIncomeRatio": 0.1025814761,
    "totalOtherIncomeExpensesNet": 7314000,
    "incomeBeforeTax": 42438000,
    "incomeBeforeTaxRatio": 0.123942395,
    "incomeTaxExpense": 9651000,
    "netIncome": 32787000,
    "netIncomeRatio": 0.0957561456,
    "eps": 0.15,
    "epsdiluted": 0.15,
    "weightedAverageShsOut": 217187000,
    "weightedAverageShsOutDil": 218812000,
    "link": "https://www.sec.gov/Archives/edgar/data/97210/000119312515179303/0001193125-15-179303-index.htm",
    "finalLink": "https://www.sec.gov/Archives/edgar/data/97210/000119312515179303/d905231d10q.htm"
  },
  {
    "date": "2014-12-31",
    "symbol": "TER",
    "reportedCurrency": "USD",
    "cik": "0000097210",
    "fillingDate": "2015-02-27",
    "acceptedDate": "2015-02-27 09:59:41",
    "calendarYear": "2014",
    "period": "Q4",
    "revenue": 323236000,
    "costOfRevenue": 163010000,
    "grossProfit": 160226000,
    "grossProfitRatio": 0.495693549,
    "researchAndDevelopmentExpenses": 79188000,
    "generalAndAdministrativeExpenses": 0,
    "sellingAndMarketingExpenses": 0,
    "sellingGeneralAndAdministrativeExpenses": 91157000,
    "otherExpenses": 15958000,
    "operatingExpenses": 186302000,
    "costAndExpenses": 349312000,
    "interestIncome": 1358000,
    "interestExpense": 1358000,
    "depreciationAndAmortization": 37590000,
    "ebitda": -86917000,
    "ebitdaratio": 0.3452864161,
    "operatingIncome": -126171000,
    "operatingIncomeRatio": -0.3903370912,
    "totalOtherIncomeExpensesNet": 1357000,
    "incomeBeforeTax": -124813000,
    "incomeBeforeTaxRatio": -0.3861358265,
    "incomeTaxExpense": -21002000,
    "netIncome": -103811000,
    "netIncomeRatio": -0.321161628,
    "eps": -0.48,
    "epsdiluted": -0.48,
    "weightedAverageShsOut": 216532000,
    "weightedAverageShsOutDil": 216532000,
    "link": "https://www.sec.gov/Archives/edgar/data/97210/000119312515067671/0001193125-15-067671-index.htm",
    "finalLink": "https://www.sec.gov/Archives/edgar/data/97210/000119312515067671/d829718d10k.htm"
  },
  {
    "date": "2014-09-28",
    "symbol": "TER",
    "reportedCurrency": "USD",
    "cik": "0000097210",
    "fillingDate": "2014-11-07",
    "acceptedDate": "2014-11-07 12:03:01",
    "calendarYear": "2014",
    "period": "Q3",
    "revenue": 478010000,
    "costOfRevenue": 216889000,
    "grossProfit": 261121000,
    "grossProfitRatio": 0.5462668145,
    "researchAndDevelopmentExpenses": 71953000,
    "generalAndAdministrativeExpenses": 0,
    "sellingAndMarketingExpenses": 0,
    "sellingGeneralAndAdministrativeExpenses": 73064000,
    "otherExpenses": 18271000,
    "operatingExpenses": 163288000,
    "costAndExpenses": 380177000,
    "interestIncome": 2432000,
    "interestExpense": 2432000,
    "depreciationAndAmortization": 38179000,
    "ebitda": 136012000,
    "ebitdaratio": 0.2836907178,
    "operatingIncome": 98238000,
    "operatingIncomeRatio": 0.205514529,
    "totalOtherIncomeExpensesNet": 2432000,
    "incomeBeforeTax": 100670000,
    "incomeBeforeTaxRatio": 0.2106022887,
    "incomeTaxExpense": 17721000,
    "netIncome": 82949000,
    "netIncomeRatio": 0.1735298425,
    "eps": 0.4,
    "epsdiluted": 0.38,
    "weightedAverageShsOut": 207381000,
    "weightedAverageShsOutDil": 218333000,
    "link": "https://www.sec.gov/Archives/edgar/data/97210/000119312514402724/0001193125-14-402724-index.htm",
    "finalLink": "https://www.sec.gov/Archives/edgar/data/97210/000119312514402724/d785774d10q.htm"
  },
  {
    "date": "2014-06-29",
    "symbol": "TER",
    "reportedCurrency": "USD",
    "cik": "0000097210",
    "fillingDate": "2014-08-08",
    "acceptedDate": "2014-08-08 10:05:05",
    "calendarYear": "2014",
    "period": "Q2",
    "revenue": 525567000,
    "costOfRevenue": 235154000,
    "grossProfit": 290413000,
    "grossProfitRatio": 0.5525708425,
    "researchAndDevelopmentExpenses": 73414000,
    "generalAndAdministrativeExpenses": 0,
    "sellingAndMarketingExpenses": 0,
    "sellingGeneralAndAdministrativeExpenses": 77489000,
    "otherExpenses": 18271000,
    "operatingExpenses": 169174000,
    "costAndExpenses": 404328000,
    "interestIncome": 725000,
    "interestExpense": 725000,
    "depreciationAndAmortization": 37591000,
    "ebitda": 158830000,
    "ebitdaratio": 0.3032952982,
    "operatingIncome": 120667000,
    "operatingIncomeRatio": 0.2295939433,
    "totalOtherIncomeExpensesNet": 725000,
    "incomeBeforeTax": 121392000,
    "incomeBeforeTaxRatio": 0.2309734059,
    "incomeTaxExpense": 20187000,
    "netIncome": 101205000,
    "netIncomeRatio": 0.19256346,
    "eps": 0.52,
    "epsdiluted": 0.47,
    "weightedAverageShsOut": 194408000,
    "weightedAverageShsOutDil": 216568000,
    "link": "https://www.sec.gov/Archives/edgar/data/97210/000119312514302025/0001193125-14-302025-index.htm",
    "finalLink": "https://www.sec.gov/Archives/edgar/data/97210/000119312514302025/d751855d10q.htm"
  },
  {
    "date": "2014-03-30",
    "symbol": "TER",
    "reportedCurrency": "USD",
    "cik": "0000097210",
    "fillingDate": "2014-05-07",
    "acceptedDate": "2014-05-07 15:43:27",
    "calendarYear": "2014",
    "period": "Q1",
    "revenue": 321010000,
    "costOfRevenue": 153963000,
    "grossProfit": 167047000,
    "grossProfitRatio": 0.5203794274,
    "researchAndDevelopmentExpenses": 67085000,
    "generalAndAdministrativeExpenses": 0,
    "sellingAndMarketingExpenses": 0,
    "sellingGeneralAndAdministrativeExpenses": 78003000,
    "otherExpenses": 18271000,
    "operatingExpenses": 163359000,
    "costAndExpenses": 317322000,
    "interestIncome": 1036000,
    "interestExpense": 5561000,
    "depreciationAndAmortization": 39184000,
    "ebitda": 49470000,
    "ebitdaratio": 0.1335534719,
    "operatingIncome": 3688000,
    "operatingIncomeRatio": 0.0114887387,
    "totalOtherIncomeExpensesNet": -5561000,
    "incomeBeforeTax": -1873000,
    "incomeBeforeTaxRatio": -0.0058347092,
    "incomeTaxExpense": -2802000,
    "netIncome": 929000,
    "netIncomeRatio": 0.0028939908,
    "eps": 0.0048,
    "epsdiluted": 0.0039,
    "weightedAverageShsOut": 193311000,
    "weightedAverageShsOutDil": 236484000,
    "link": "https://www.sec.gov/Archives/edgar/data/97210/000119312514187349/0001193125-14-187349-index.htm",
    "finalLink": "https://www.sec.gov/Archives/edgar/data/97210/000119312514187349/d685963d10q.htm"
  },
  {
    "date": "2013-12-31",
    "symbol": "TER",
    "reportedCurrency": "USD",
    "cik": "0000097210",
    "fillingDate": "2014-02-28",
    "acceptedDate": "2014-02-28 15:51:24",
    "calendarYear": "2013",
    "period": "Q4",
    "revenue": 285301000,
    "costOfRevenue": 125444000,
    "grossProfit": 159857000,
    "grossProfitRatio": 0.5603099884,
    "researchAndDevelopmentExpenses": 64613000,
    "generalAndAdministrativeExpenses": 0,
    "sellingAndMarketingExpenses": 0,
    "sellingGeneralAndAdministrativeExpenses": 69523000,
    "otherExpenses": 18284000,
    "operatingExpenses": 152420000,
    "costAndExpenses": 277864000,
    "interestIncome": 28602000,
    "interestExpense": 28602000,
    "depreciationAndAmortization": 39319000,
    "ebitda": 46213000,
    "ebitdaratio": 0.1659860989,
    "operatingIncome": 6837000,
    "operatingIncomeRatio": 0.0239641642,
    "totalOtherIncomeExpensesNet": 28602000,
    "incomeBeforeTax": 35439000,
    "incomeBeforeTaxRatio": 0.1242161787,
    "incomeTaxExpense": 13096000,
    "netIncome": 22343000,
    "netIncomeRatio": 0.0783137809,
    "eps": 0.12,
    "epsdiluted": 0.09,
    "weightedAverageShsOut": 191525000,
    "weightedAverageShsOutDil": 236903000,
    "link": "https://www.sec.gov/Archives/edgar/data/97210/000119312514077218/0001193125-14-077218-index.htm",
    "finalLink": "https://www.sec.gov/Archives/edgar/data/97210/000119312514077218/d651046d10k.htm"
  },
  {
    "date": "2013-09-29",
    "symbol": "TER",
    "reportedCurrency": "USD",
    "cik": "0000097210",
    "fillingDate": "2013-11-08",
    "acceptedDate": "2013-11-08 13:56:01",
    "calendarYear": "2013",
    "period": "Q3",
    "revenue": 433376000,
    "costOfRevenue": 179082000,
    "grossProfit": 254294000,
    "grossProfitRatio": 0.586774533,
    "researchAndDevelopmentExpenses": 68918000,
    "generalAndAdministrativeExpenses": 0,
    "sellingAndMarketingExpenses": 0,
    "sellingGeneralAndAdministrativeExpenses": 72917000,
    "otherExpenses": 18064000,
    "operatingExpenses": 159899000,
    "costAndExpenses": 338981000,
    "interestIncome": 948000,
    "interestExpense": 5954000,
    "depreciationAndAmortization": 36496000,
    "ebitda": 130891000,
    "ebitdaratio": 0.3020264159,
    "operatingIncome": 93506000,
    "operatingIncomeRatio": 0.2157618327,
    "totalOtherIncomeExpensesNet": -5954000,
    "incomeBeforeTax": 87552000,
    "incomeBeforeTaxRatio": 0.2020231854,
    "incomeTaxExpense": 18093000,
    "netIncome": 69459000,
    "netIncomeRatio": 0.1602742192,
    "eps": 0.36,
    "epsdiluted": 0.29,
    "weightedAverageShsOut": 191307000,
    "weightedAverageShsOutDil": 235828000,
    "link": "https://www.sec.gov/Archives/edgar/data/97210/000119312513434842/0001193125-13-434842-index.htm",
    "finalLink": "https://www.sec.gov/Archives/edgar/data/97210/000119312513434842/d585603d10q.htm"
  },
  {
    "date": "2013-06-30",
    "symbol": "TER",
    "reportedCurrency": "USD",
    "cik": "0000097210",
    "fillingDate": "2013-08-09",
    "acceptedDate": "2013-08-09 14:10:29",
    "calendarYear": "2013",
    "period": "Q2",
    "revenue": 428889000,
    "costOfRevenue": 187656000,
    "grossProfit": 241233000,
    "grossProfitRatio": 0.562460217,
    "researchAndDevelopmentExpenses": 67773000,
    "generalAndAdministrativeExpenses": 0,
    "sellingAndMarketingExpenses": 0,
    "sellingGeneralAndAdministrativeExpenses": 69230000,
    "otherExpenses": 18063000,
    "operatingExpenses": 155066000,
    "costAndExpenses": 342722000,
    "interestIncome": 903000,
    "interestExpense": 5551000,
    "depreciationAndAmortization": 35478000,
    "ebitda": 123298000,
    "ebitdaratio": 0.2836281649,
    "operatingIncome": 85908000,
    "operatingIncomeRatio": 0.2003035751,
    "totalOtherIncomeExpensesNet": -5551000,
    "incomeBeforeTax": 80357000,
    "incomeBeforeTaxRatio": 0.1873608323,
    "incomeTaxExpense": 13801000,
    "netIncome": 66556000,
    "netIncomeRatio": 0.1551823432,
    "eps": 0.35,
    "epsdiluted": 0.28,
    "weightedAverageShsOut": 190569000,
    "weightedAverageShsOutDil": 234909000,
    "link": "https://www.sec.gov/Archives/edgar/data/97210/000119312513328849/0001193125-13-328849-index.htm",
    "finalLink": "https://www.sec.gov/Archives/edgar/data/97210/000119312513328849/d540833d10q.htm"
  },
  {
    "date": "2013-03-31",
    "symbol": "TER",
    "reportedCurrency": "USD",
    "cik": "0000097210",
    "fillingDate": "2013-05-10",
    "acceptedDate": "2013-05-10 13:05:24",
    "calendarYear": "2013",
    "period": "Q1",
    "revenue": 280367000,
    "costOfRevenue": 126950000,
    "grossProfit": 153417000,
    "grossProfitRatio": 0.5472006335,
    "researchAndDevelopmentExpenses": 62751000,
    "generalAndAdministrativeExpenses": 0,
    "sellingAndMarketingExpenses": 0,
    "sellingGeneralAndAdministrativeExpenses": 67890000,
    "otherExpenses": 18036000,
    "operatingExpenses": 148677000,
    "costAndExpenses": 275627000,
    "interestIncome": 1072000,
    "interestExpense": 5834000,
    "depreciationAndAmortization": 35999000,
    "ebitda": 42597000,
    "ebitdaratio": 0.145305974,
    "operatingIncome": 4408000,
    "operatingIncomeRatio": 0.0157222498,
    "totalOtherIncomeExpensesNet": -5834000,
    "incomeBeforeTax": -1426000,
    "incomeBeforeTaxRatio": -0.0050861906,
    "incomeTaxExpense": -8015000,
    "netIncome": 6589000,
    "netIncomeRatio": 0.0235013393,
    "eps": 0.03,
    "epsdiluted": 0.03,
    "weightedAverageShsOut": 189686000,
    "weightedAverageShsOutDil": 234757000,
    "link": "https://www.sec.gov/Archives/edgar/data/97210/000119312513213285/0001193125-13-213285-index.htm",
    "finalLink": "https://www.sec.gov/Archives/edgar/data/97210/000119312513213285/d503067d10q.htm"
  },
  {
    "date": "2012-12-31",
    "symbol": "TER",
    "reportedCurrency": "USD",
    "cik": "0000097210",
    "fillingDate": "2013-03-01",
    "acceptedDate": "2013-03-01 16:35:41",
    "calendarYear": "2012",
    "period": "Q4",
    "revenue": 248404000,
    "costOfRevenue": 122999000,
    "grossProfit": 125405000,
    "grossProfitRatio": 0.5048429172,
    "researchAndDevelopmentExpenses": 61660000,
    "generalAndAdministrativeExpenses": 0,
    "sellingAndMarketingExpenses": 0,
    "sellingGeneralAndAdministrativeExpenses": 70436000,
    "otherExpenses": 18221000,
    "operatingExpenses": 150317000,
    "costAndExpenses": 273316000,
    "interestIncome": 1256000,
    "interestExpense": 5690000,
    "depreciationAndAmortization": 37197000,
    "ebitda": 13858000,
    "ebitdaratio": 0.0494557254,
    "operatingIncome": -24595000,
    "operatingIncomeRatio": -0.0990120932,
    "totalOtherIncomeExpensesNet": -5584000,
    "incomeBeforeTax": -30285000,
    "incomeBeforeTaxRatio": -0.1219183266,
    "incomeTaxExpense": -13742000,
    "netIncome": -16543000,
    "netIncomeRatio": -0.0665971562,
    "eps": -0.0881,
    "epsdiluted": -0.0881,
    "weightedAverageShsOut": 187737000,
    "weightedAverageShsOutDil": 187737000,
    "link": "https://www.sec.gov/Archives/edgar/data/97210/000119312513087821/0001193125-13-087821-index.htm",
    "finalLink": "https://www.sec.gov/Archives/edgar/data/97210/000119312513087821/d440736d10k.htm"
  },
  {
    "date": "2012-09-30",
    "symbol": "TER",
    "reportedCurrency": "USD",
    "cik": "0000097210",
    "fillingDate": "2012-11-09",
    "acceptedDate": "2012-11-09 14:54:50",
    "calendarYear": "2012",
    "period": "Q3",
    "revenue": 463394000,
    "costOfRevenue": 203194000,
    "grossProfit": 260200000,
    "grossProfitRatio": 0.5615092125,
    "researchAndDevelopmentExpenses": 63055000,
    "generalAndAdministrativeExpenses": 0,
    "sellingAndMarketingExpenses": 0,
    "sellingGeneralAndAdministrativeExpenses": 69921000,
    "otherExpenses": 18429000,
    "operatingExpenses": 151405000,
    "costAndExpenses": 354599000,
    "interestIncome": 1067000,
    "interestExpense": 5087000,
    "depreciationAndAmortization": 36280000,
    "ebitda": 147035000,
    "ebitdaratio": 0.3130705188,
    "operatingIncome": 108112000,
    "operatingIncomeRatio": 0.233304704,
    "totalOtherIncomeExpensesNet": -5087000,
    "incomeBeforeTax": 103025000,
    "incomeBeforeTaxRatio": 0.2223270047,
    "incomeTaxExpense": 14384000,
    "netIncome": 88641000,
    "netIncomeRatio": 0.1912864646,
    "eps": 0.47,
    "epsdiluted": 0.39,
    "weightedAverageShsOut": 187364000,
    "weightedAverageShsOutDil": 229210000,
    "link": "https://www.sec.gov/Archives/edgar/data/97210/000119312512462959/0001193125-12-462959-index.htm",
    "finalLink": "https://www.sec.gov/Archives/edgar/data/97210/000119312512462959/d399182d10q.htm"
  },
  {
    "date": "2012-07-01",
    "symbol": "TER",
    "reportedCurrency": "USD",
    "cik": "0000097210",
    "fillingDate": "2012-08-10",
    "acceptedDate": "2012-08-10 14:08:43",
    "calendarYear": "2012",
    "period": "Q2",
    "revenue": 548284000,
    "costOfRevenue": 238778000,
    "grossProfit": 309506000,
    "grossProfitRatio": 0.56449942,
    "researchAndDevelopmentExpenses": 66532000,
    "generalAndAdministrativeExpenses": 0,
    "sellingAndMarketingExpenses": 0,
    "sellingGeneralAndAdministrativeExpenses": 73366000,
    "otherExpenses": 18429000,
    "operatingExpenses": 158327000,
    "costAndExpenses": 397105000,
    "interestIncome": 874000,
    "interestExpense": 5449000,
    "depreciationAndAmortization": 35219000,
    "ebitda": 193534000,
    "ebitdaratio": 0.3399661489,
    "operatingIncome": 157441000,
    "operatingIncomeRatio": 0.2871522787,
    "totalOtherIncomeExpensesNet": -5449000,
    "incomeBeforeTax": 151992000,
    "incomeBeforeTaxRatio": 0.2772139986,
    "incomeTaxExpense": 40605000,
    "netIncome": 111387000,
    "netIncomeRatio": 0.2031556639,
    "eps": 0.6,
    "epsdiluted": 0.49,
    "weightedAverageShsOut": 186573000,
    "weightedAverageShsOutDil": 229646000,
    "link": "https://www.sec.gov/Archives/edgar/data/97210/000119312512349611/0001193125-12-349611-index.htm",
    "finalLink": "https://www.sec.gov/Archives/edgar/data/97210/000119312512349611/d354913d10q.htm"
  },
  {
    "date": "2012-04-01",
    "symbol": "TER",
    "reportedCurrency": "USD",
    "cik": "0000097210",
    "fillingDate": "2012-05-11",
    "acceptedDate": "2012-05-11 14:26:41",
    "calendarYear": "2012",
    "period": "Q1",
    "revenue": 396668000,
    "costOfRevenue": 205742000,
    "grossProfit": 190926000,
    "grossProfitRatio": 0.4813244325,
    "researchAndDevelopmentExpenses": 60135000,
    "generalAndAdministrativeExpenses": 0,
    "sellingAndMarketingExpenses": 67777000,
    "sellingGeneralAndAdministrativeExpenses": 67777000,
    "otherExpenses": 18429000,
    "operatingExpenses": 146341000,
    "costAndExpenses": 352083000,
    "interestIncome": 893000,
    "interestExpense": 5166000,
    "depreciationAndAmortization": 34103000,
    "ebitda": 81406000,
    "ebitdaratio": 0.1983724424,
    "operatingIncome": 46410000,
    "operatingIncomeRatio": 0.1169996067,
    "totalOtherIncomeExpensesNet": -5166000,
    "incomeBeforeTax": 41244000,
    "incomeBeforeTaxRatio": 0.1039761211,
    "incomeTaxExpense": 7680000,
    "netIncome": 33564000,
    "netIncomeRatio": 0.0846148416,
    "eps": 0.18,
    "epsdiluted": 0.15,
    "weightedAverageShsOut": 185838000,
    "weightedAverageShsOutDil": 231153000,
    "link": "https://www.sec.gov/Archives/edgar/data/97210/000119312512227981/0001193125-12-227981-index.htm",
    "finalLink": "https://www.sec.gov/Archives/edgar/data/97210/000119312512227981/d323422d10q.htm"
  },
  {
    "date": "2011-12-30",
    "symbol": "TER",
    "reportedCurrency": "USD",
    "cik": "0000097210",
    "fillingDate": "2012-02-29",
    "acceptedDate": "2012-02-29 09:54:12",
    "calendarYear": "2011",
    "period": "Q4",
    "revenue": 296992000,
    "costOfRevenue": 160639000,
    "grossProfit": 136353000,
    "grossProfitRatio": 0.4591133768,
    "researchAndDevelopmentExpenses": 53431000,
    "generalAndAdministrativeExpenses": 0,
    "sellingAndMarketingExpenses": 0,
    "sellingGeneralAndAdministrativeExpenses": 62697000,
    "otherExpenses": 19129000,
    "operatingExpenses": 135257000,
    "costAndExpenses": 295896000,
    "interestIncome": 878000,
    "interestExpense": 5256000,
    "depreciationAndAmortization": 37351000,
    "ebitda": 34279000,
    "ebitdaratio": 0.1294546654,
    "operatingIncome": -3950000,
    "operatingIncomeRatio": -0.0133000215,
    "totalOtherIncomeExpensesNet": -5256000,
    "incomeBeforeTax": -9206000,
    "incomeBeforeTaxRatio": -0.0309974679,
    "incomeTaxExpense": -134283000,
    "netIncome": 135134000,
    "netIncomeRatio": 0.4550088891,
    "eps": 0.68,
    "epsdiluted": 0.56,
    "weightedAverageShsOut": 183544000,
    "weightedAverageShsOutDil": 222858000,
    "link": "https://www.sec.gov/Archives/edgar/data/97210/000119312512087457/0001193125-12-087457-index.htm",
    "finalLink": "https://www.sec.gov/Archives/edgar/data/97210/000119312512087457/d263943d10k.htm"
  },
  {
    "date": "2011-10-02",
    "symbol": "TER",
    "reportedCurrency": "USD",
    "cik": "0000097210",
    "fillingDate": "2011-11-14",
    "acceptedDate": "2011-11-14 15:28:45",
    "calendarYear": "2011",
    "period": "Q3",
    "revenue": 344389000,
    "costOfRevenue": 174544000,
    "grossProfit": 169845000,
    "grossProfitRatio": 0.4931777728,
    "researchAndDevelopmentExpenses": 46799000,
    "generalAndAdministrativeExpenses": 0,
    "sellingAndMarketingExpenses": 0,
    "sellingGeneralAndAdministrativeExpenses": 55304000,
    "otherExpenses": 6754000,
    "operatingExpenses": 108857000,
    "costAndExpenses": 283401000,
    "interestIncome": 3049000,
    "interestExpense": 3019000,
    "depreciationAndAmortization": 25037000,
    "ebitda": 87336000,
    "ebitdaratio": 0.2497902082,
    "operatingIncome": 59523000,
    "operatingIncomeRatio": 0.1728365308,
    "totalOtherIncomeExpensesNet": -1058000,
    "incomeBeforeTax": 56504000,
    "incomeBeforeTaxRatio": 0.164070281,
    "incomeTaxExpense": 1759000,
    "netIncome": 56706000,
    "netIncomeRatio": 0.164656827,
    "eps": 0.3,
    "epsdiluted": 0.25,
    "weightedAverageShsOut": 185102000,
    "weightedAverageShsOutDil": 221892000,
    "link": "https://www.sec.gov/Archives/edgar/data/97210/000119312511310659/0001193125-11-310659-index.htm",
    "finalLink": "https://www.sec.gov/Archives/edgar/data/97210/000119312511310659/d235130d10q.htm"
  },
  {
    "date": "2011-07-03",
    "symbol": "TER",
    "reportedCurrency": "USD",
    "cik": "0000097210",
    "fillingDate": "2011-08-12",
    "acceptedDate": "2011-08-12 16:13:44",
    "calendarYear": "2011",
    "period": "Q2",
    "revenue": 410519000,
    "costOfRevenue": 195433000,
    "grossProfit": 215086000,
    "grossProfitRatio": 0.5239367727,
    "researchAndDevelopmentExpenses": 47393000,
    "generalAndAdministrativeExpenses": 0,
    "sellingAndMarketingExpenses": 0,
    "sellingGeneralAndAdministrativeExpenses": 57481000,
    "otherExpenses": 7291000,
    "operatingExpenses": 112165000,
    "costAndExpenses": 307598000,
    "interestIncome": 1403000,
    "interestExpense": 3913000,
    "depreciationAndAmortization": 25437000,
    "ebitda": 124288000,
    "ebitdaratio": 0.3126724951,
    "operatingIncome": 101642000,
    "operatingIncomeRatio": 0.2475938994,
    "totalOtherIncomeExpensesNet": -2107000,
    "incomeBeforeTax": 97729000,
    "incomeBeforeTaxRatio": 0.2380620629,
    "incomeTaxExpense": 7839000,
    "netIncome": 87252000,
    "netIncomeRatio": 0.2125407107,
    "eps": 0.48,
    "epsdiluted": 0.39,
    "weightedAverageShsOut": 185367000,
    "weightedAverageShsOutDil": 230452000,
    "link": "https://www.sec.gov/Archives/edgar/data/97210/000119312511221404/0001193125-11-221404-index.htm",
    "finalLink": "https://www.sec.gov/Archives/edgar/data/97210/000119312511221404/d10q.htm"
  },
  {
    "date": "2011-04-03",
    "symbol": "TER",
    "reportedCurrency": "USD",
    "cik": "0000097210",
    "fillingDate": "2011-05-13",
    "acceptedDate": "2011-05-13 14:15:47",
    "calendarYear": "2011",
    "period": "Q1",
    "revenue": 377161000,
    "costOfRevenue": 184752000,
    "grossProfit": 192409000,
    "grossProfitRatio": 0.5101508374,
    "researchAndDevelopmentExpenses": 47977000,
    "generalAndAdministrativeExpenses": 0,
    "sellingAndMarketingExpenses": 0,
    "sellingGeneralAndAdministrativeExpenses": 58229000,
    "otherExpenses": 7291000,
    "operatingExpenses": 113497000,
    "costAndExpenses": 298249000,
    "interestIncome": 1287000,
    "interestExpense": 4889000,
    "depreciationAndAmortization": 25499000,
    "ebitda": 105012000,
    "ebitdaratio": 0.2768340311,
    "operatingIncome": 78499000,
    "operatingIncomeRatio": 0.2081312755,
    "totalOtherIncomeExpensesNet": -3075000,
    "incomeBeforeTax": 73610000,
    "incomeBeforeTaxRatio": 0.1951686415,
    "incomeTaxExpense": 5486000,
    "netIncome": 96844000,
    "netIncomeRatio": 0.2567709811,
    "eps": 0.51,
    "epsdiluted": 0.41,
    "weightedAverageShsOut": 184720000,
    "weightedAverageShsOutDil": 232080000,
    "link": "https://www.sec.gov/Archives/edgar/data/97210/000119312511139279/0001193125-11-139279-index.htm",
    "finalLink": "https://www.sec.gov/Archives/edgar/data/97210/000119312511139279/d10q.htm"
  },
  {
    "date": "2010-12-31",
    "symbol": "TER",
    "reportedCurrency": "USD",
    "cik": "0000097210",
    "fillingDate": "2011-03-01",
    "acceptedDate": "2011-03-01 14:03:37",
    "calendarYear": "2010",
    "period": "Q4",
    "revenue": 322165000,
    "costOfRevenue": 153038000,
    "grossProfit": 169127000,
    "grossProfitRatio": 0.524970124,
    "researchAndDevelopmentExpenses": 47455000,
    "generalAndAdministrativeExpenses": 0,
    "sellingAndMarketingExpenses": 0,
    "sellingGeneralAndAdministrativeExpenses": 54778000,
    "otherExpenses": 7291000,
    "operatingExpenses": 109524000,
    "costAndExpenses": 262562000,
    "interestIncome": 2114000,
    "interestExpense": 7041000,
    "depreciationAndAmortization": 25092000,
    "ebitda": 86007000,
    "ebitdaratio": 0.2694550929,
    "operatingIncome": 58801000,
    "operatingIncomeRatio": 0.1825182748,
    "totalOtherIncomeExpensesNet": -4927000,
    "incomeBeforeTax": 53874000,
    "incomeBeforeTaxRatio": 0.1672248692,
    "incomeTaxExpense": -6267000,
    "netIncome": 60141000,
    "netIncomeRatio": 0.1866776341,
    "eps": 0.33,
    "epsdiluted": 0.26,
    "weightedAverageShsOut": 184720000,
    "weightedAverageShsOutDil": 232080000,
    "link": "https://www.sec.gov/Archives/edgar/data/97210/000119312511051703/0001193125-11-051703-index.htm",
    "finalLink": "https://www.sec.gov/Archives/edgar/data/97210/000119312511051703/d10k.htm"
  },
  {
    "date": "2010-10-03",
    "symbol": "TER",
    "reportedCurrency": "USD",
    "cik": "0000097210",
    "fillingDate": "2010-11-10",
    "acceptedDate": "2010-11-10 17:04:46",
    "calendarYear": "2010",
    "period": "Q3",
    "revenue": 502086000,
    "costOfRevenue": 226311000,
    "grossProfit": 275775000,
    "grossProfitRatio": 0.5492584936,
    "researchAndDevelopmentExpenses": 50122000,
    "generalAndAdministrativeExpenses": 0,
    "sellingAndMarketingExpenses": 0,
    "sellingGeneralAndAdministrativeExpenses": 61109000,
    "otherExpenses": 7291000,
    "operatingExpenses": 118522000,
    "costAndExpenses": 344833000,
    "interestIncome": 1466000,
    "interestExpense": 4096000,
    "depreciationAndAmortization": 24664000,
    "ebitda": 182914000,
    "ebitdaratio": 0.362322391,
    "operatingIncome": 158112000,
    "operatingIncomeRatio": 0.3149101947,
    "totalOtherIncomeExpensesNet": -2861000,
    "incomeBeforeTax": 154016000,
    "incomeBeforeTaxRatio": 0.3067522297,
    "incomeTaxExpense": 6676000,
    "netIncome": 147340000,
    "netIncomeRatio": 0.2934557028,
    "eps": 0.81,
    "epsdiluted": 0.66,
    "weightedAverageShsOut": 181239000,
    "weightedAverageShsOutDil": 229389000,
    "link": "https://www.sec.gov/Archives/edgar/data/97210/000119312510256151/0001193125-10-256151-index.htm",
    "finalLink": "https://www.sec.gov/Archives/edgar/data/97210/000119312510256151/d10q.htm"
  },
  {
    "date": "2010-07-04",
    "symbol": "TER",
    "reportedCurrency": "USD",
    "cik": "0000097210",
    "fillingDate": "2010-08-12",
    "acceptedDate": "2010-08-12 14:29:38",
    "calendarYear": "2010",
    "period": "Q2",
    "revenue": 454776000,
    "costOfRevenue": 200473000,
    "grossProfit": 254303000,
    "grossProfitRatio": 0.5591829824,
    "researchAndDevelopmentExpenses": 50393000,
    "generalAndAdministrativeExpenses": 0,
    "sellingAndMarketingExpenses": 0,
    "sellingGeneralAndAdministrativeExpenses": 58343000,
    "otherExpenses": 7313000,
    "operatingExpenses": 116049000,
    "costAndExpenses": 316522000,
    "interestIncome": 3681000,
    "interestExpense": 2580000,
    "depreciationAndAmortization": 7313000,
    "ebitda": 145567000,
    "ebitdaratio": 0.3200850529,
    "operatingIncome": 136554000,
    "operatingIncomeRatio": 0.3002665048,
    "totalOtherIncomeExpensesNet": -4074000,
    "incomeBeforeTax": 131692000,
    "incomeBeforeTaxRatio": 0.2895755273,
    "incomeTaxExpense": 9543000,
    "netIncome": 122149000,
    "netIncomeRatio": 0.2685915704,
    "eps": 0.68,
    "epsdiluted": 0.55,
    "weightedAverageShsOut": 179990000,
    "weightedAverageShsOutDil": 231541000,
    "link": "https://www.sec.gov/Archives/edgar/data/97210/000119312510187150/0001193125-10-187150-index.htm",
    "finalLink": "https://www.sec.gov/Archives/edgar/data/97210/000119312510187150/d10q.htm"
  },
  {
    "date": "2010-04-04",
    "symbol": "TER",
    "reportedCurrency": "USD",
    "cik": "0000097210",
    "fillingDate": "2010-05-14",
    "acceptedDate": "2010-05-14 15:27:21",
    "calendarYear": "2010",
    "period": "Q1",
    "revenue": 329623000,
    "costOfRevenue": 156079000,
    "grossProfit": 173544000,
    "grossProfitRatio": 0.5264923868,
    "researchAndDevelopmentExpenses": 49052000,
    "generalAndAdministrativeExpenses": 0,
    "sellingAndMarketingExpenses": 0,
    "sellingGeneralAndAdministrativeExpenses": 55871000,
    "otherExpenses": 7356000,
    "operatingExpenses": 112279000,
    "costAndExpenses": 268358000,
    "interestIncome": 842000,
    "interestExpense": 5071000,
    "depreciationAndAmortization": 7356000,
    "ebitda": 68621000,
    "ebitdaratio": 0.2081802544,
    "operatingIncome": 60001000,
    "operatingIncomeRatio": 0.1820291667,
    "totalOtherIncomeExpensesNet": -4064000,
    "incomeBeforeTax": 54930000,
    "incomeBeforeTaxRatio": 0.1666449247,
    "incomeTaxExpense": 4830000,
    "netIncome": 50100000,
    "netIncomeRatio": 0.151991821,
    "eps": 0.28,
    "epsdiluted": 0.24,
    "weightedAverageShsOut": 176867000,
    "weightedAverageShsOutDil": 226277000,
    "link": "https://www.sec.gov/Archives/edgar/data/97210/000119312510120597/0001193125-10-120597-index.htm",
    "finalLink": "https://www.sec.gov/Archives/edgar/data/97210/000119312510120597/d10q.htm"
  },
  {
    "date": "2009-12-31",
    "symbol": "TER",
    "reportedCurrency": "USD",
    "cik": "0000097210",
    "fillingDate": "2010-03-01",
    "acceptedDate": "2010-03-01 17:11:36",
    "calendarYear": "2009",
    "period": "Q4",
    "revenue": 267057000,
    "costOfRevenue": 142668000,
    "grossProfit": 124389000,
    "grossProfitRatio": 0.465776969,
    "researchAndDevelopmentExpenses": 40920000,
    "generalAndAdministrativeExpenses": 0,
    "sellingAndMarketingExpenses": 0,
    "sellingGeneralAndAdministrativeExpenses": 51486000,
    "otherExpenses": 7629000,
    "operatingExpenses": 100035000,
    "costAndExpenses": 242703000,
    "interestIncome": 497000,
    "interestExpense": 5158000,
    "depreciationAndAmortization": 27115000,
    "ebitda": 51897000,
    "ebitdaratio": 0.1945876723,
    "operatingIncome": 24285000,
    "operatingIncomeRatio": 0.090935643,
    "totalOtherIncomeExpensesNet": -4661000,
    "incomeBeforeTax": 19624000,
    "incomeBeforeTaxRatio": 0.0734824401,
    "incomeTaxExpense": 2700000,
    "netIncome": 16924000,
    "netIncomeRatio": 0.0633722389,
    "eps": 0.096,
    "epsdiluted": 0.075,
    "weightedAverageShsOut": 176867000,
    "weightedAverageShsOutDil": 226277000,
    "link": "https://www.sec.gov/Archives/edgar/data/97210/000119312510044865/0001193125-10-044865-index.htm",
    "finalLink": "https://www.sec.gov/Archives/edgar/data/97210/000119312510044865/d10k.htm"
  }
]