[
  {
    "date": "2024-09-28",
    "symbol": "VSH",
    "reportedCurrency": "USD",
    "cik": "0000103730",
    "fillingDate": "2024-11-06",
    "acceptedDate": "2024-11-06 07:34:25",
    "calendarYear": "2024",
    "period": "Q3",
    "revenue": 735353000,
    "costOfRevenue": 584470000,
    "grossProfit": 150883000,
    "grossProfitRatio": 0.2051844488,
    "researchAndDevelopmentExpenses": 0,
    "generalAndAdministrativeExpenses": 0,
    "sellingAndMarketingExpenses": 0,
    "sellingGeneralAndAdministrativeExpenses": 128545000,
    "otherExpenses": 0,
    "operatingExpenses": 128545000,
    "costAndExpenses": 713015000,
    "interestIncome": 0,
    "interestExpense": -6596000,
    "depreciationAndAmortization": 53595000,
    "ebitda": 36122000,
    "ebitdaratio": -0.0248533697,
    "operatingIncome": -18276000,
    "operatingIncomeRatio": -0.0248533697,
    "totalOtherIncomeExpensesNet": -5793000,
    "incomeBeforeTax": -24069000,
    "incomeBeforeTaxRatio": -0.0327312189,
    "incomeTaxExpense": -5076000,
    "netIncome": -19299000,
    "netIncomeRatio": -0.0262445383,
    "eps": -0.14,
    "epsdiluted": -0.14,
    "weightedAverageShsOut": 136793000,
    "weightedAverageShsOutDil": 136793000,
    "link": "https://www.sec.gov/Archives/edgar/data/103730/000010373024000122/0000103730-24-000122-index.htm",
    "finalLink": "https://www.sec.gov/Archives/edgar/data/103730/000010373024000122/vishayintertech_10q.htm"
  },
  {
    "date": "2024-06-29",
    "symbol": "VSH",
    "reportedCurrency": "USD",
    "cik": "0000103730",
    "fillingDate": "2024-08-07",
    "acceptedDate": "2024-08-07 07:45:12",
    "calendarYear": "2024",
    "period": "Q2",
    "revenue": 741239000,
    "costOfRevenue": 578369000,
    "grossProfit": 162870000,
    "grossProfitRatio": 0.2197267008,
    "researchAndDevelopmentExpenses": 0,
    "generalAndAdministrativeExpenses": 0,
    "sellingAndMarketingExpenses": 0,
    "sellingGeneralAndAdministrativeExpenses": 124953000,
    "otherExpenses": -2124000,
    "operatingExpenses": 124953000,
    "costAndExpenses": 703322000,
    "interestIncome": 6663000,
    "interestExpense": 6657000,
    "depreciationAndAmortization": 52150000,
    "ebitda": 88011000,
    "ebitdaratio": 0.1215087172,
    "operatingIncome": 37917000,
    "operatingIncomeRatio": 0.0511535416,
    "totalOtherIncomeExpensesNet": -1646000,
    "incomeBeforeTax": 36271000,
    "incomeBeforeTaxRatio": 0.0489329353,
    "incomeTaxExpense": 12391000,
    "netIncome": 23533000,
    "netIncomeRatio": 0.0317481946,
    "eps": 0.17,
    "epsdiluted": 0.17,
    "weightedAverageShsOut": 137326000,
    "weightedAverageShsOutDil": 138084000,
    "link": "https://www.sec.gov/Archives/edgar/data/103730/000010373024000102/0000103730-24-000102-index.htm",
    "finalLink": "https://www.sec.gov/Archives/edgar/data/103730/000010373024000102/vishayintertech_10q.htm"
  },
  {
    "date": "2024-03-30",
    "symbol": "VSH",
    "reportedCurrency": "USD",
    "cik": "0000103730",
    "fillingDate": "2024-05-08",
    "acceptedDate": "2024-05-08 16:05:03",
    "calendarYear": "2024",
    "period": "Q1",
    "revenue": 746279000,
    "costOfRevenue": 575872000,
    "grossProfit": 170407000,
    "grossProfitRatio": 0.2283422152,
    "researchAndDevelopmentExpenses": 0,
    "generalAndAdministrativeExpenses": 0,
    "sellingAndMarketingExpenses": 0,
    "sellingGeneralAndAdministrativeExpenses": 127736000,
    "otherExpenses": -1893000,
    "operatingExpenses": 127736000,
    "costAndExpenses": 703608000,
    "interestIncome": 9053000,
    "interestExpense": 6496000,
    "depreciationAndAmortization": 49527000,
    "ebitda": 90125000,
    "ebitdaratio": 0.1235436077,
    "operatingIncome": 42671000,
    "operatingIncomeRatio": 0.0571783475,
    "totalOtherIncomeExpensesNet": 1591000,
    "incomeBeforeTax": 44262000,
    "incomeBeforeTaxRatio": 0.059310258,
    "incomeTaxExpense": 12819000,
    "netIncome": 30924000,
    "netIncomeRatio": 0.0414375857,
    "eps": 0.22,
    "epsdiluted": 0.22,
    "weightedAverageShsOut": 137726000,
    "weightedAverageShsOutDil": 138476000,
    "link": "https://www.sec.gov/Archives/edgar/data/103730/000010373024000084/0000103730-24-000084-index.htm",
    "finalLink": "https://www.sec.gov/Archives/edgar/data/103730/000010373024000084/vishayintertech_10q.htm"
  },
  {
    "date": "2023-12-31",
    "symbol": "VSH",
    "reportedCurrency": "USD",
    "cik": "0000103730",
    "fillingDate": "2024-02-16",
    "acceptedDate": "2024-02-16 06:16:02",
    "calendarYear": "2023",
    "period": "Q4",
    "revenue": 785236000,
    "costOfRevenue": 584572000,
    "grossProfit": 200664000,
    "grossProfitRatio": 0.2555461033,
    "researchAndDevelopmentExpenses": 99506000,
    "generalAndAdministrativeExpenses": 122857000,
    "sellingAndMarketingExpenses": -23000,
    "sellingGeneralAndAdministrativeExpenses": 122834000,
    "otherExpenses": -2438000,
    "operatingExpenses": 122834000,
    "costAndExpenses": 707406000,
    "interestIncome": 12149000,
    "interestExpense": 6454000,
    "depreciationAndAmortization": 50463000,
    "ebitda": 125746000,
    "ebitdaratio": 0.1633814547,
    "operatingIncome": 77830000,
    "operatingIncomeRatio": 0.0991166987,
    "totalOtherIncomeExpensesNet": 2814000,
    "incomeBeforeTax": 80644000,
    "incomeBeforeTaxRatio": 0.1027003347,
    "incomeTaxExpense": 28690000,
    "netIncome": 51472000,
    "netIncomeRatio": 0.0655497201,
    "eps": 0.37,
    "epsdiluted": 0.37,
    "weightedAverageShsOut": 138318000,
    "weightedAverageShsOutDil": 139266000,
    "link": "https://www.sec.gov/Archives/edgar/data/103730/000010373024000034/0000103730-24-000034-index.htm",
    "finalLink": "https://www.sec.gov/Archives/edgar/data/103730/000010373024000034/form10k.htm"
  },
  {
    "date": "2023-09-30",
    "symbol": "VSH",
    "reportedCurrency": "USD",
    "cik": "0000103730",
    "fillingDate": "2023-11-08",
    "acceptedDate": "2023-11-08 16:04:06",
    "calendarYear": "2023",
    "period": "Q3",
    "revenue": 853653000,
    "costOfRevenue": 616010000,
    "grossProfit": 237643000,
    "grossProfitRatio": 0.2783836055,
    "researchAndDevelopmentExpenses": 0,
    "generalAndAdministrativeExpenses": 0,
    "sellingAndMarketingExpenses": 0,
    "sellingGeneralAndAdministrativeExpenses": 122513000,
    "otherExpenses": 19909000,
    "operatingExpenses": 122513000,
    "costAndExpenses": 738523000,
    "interestIncome": 9183000,
    "interestExpense": 7153000,
    "depreciationAndAmortization": 46216000,
    "ebitda": 158957000,
    "ebitdaratio": 0.1979949699,
    "operatingIncome": 115130000,
    "operatingIncomeRatio": 0.1348674461,
    "totalOtherIncomeExpensesNet": -18618000,
    "incomeBeforeTax": 96512000,
    "incomeBeforeTaxRatio": 0.1130576475,
    "incomeTaxExpense": 30557000,
    "netIncome": 65529000,
    "netIncomeRatio": 0.0767630407,
    "eps": 0.47,
    "epsdiluted": 0.47,
    "weightedAverageShsOut": 139083000,
    "weightedAverageShsOutDil": 140001000,
    "link": "https://www.sec.gov/Archives/edgar/data/103730/000010373023000086/0000103730-23-000086-index.htm",
    "finalLink": "https://www.sec.gov/Archives/edgar/data/103730/000010373023000086/vishayintertech_10q.htm"
  },
  {
    "date": "2023-07-01",
    "symbol": "VSH",
    "reportedCurrency": "USD",
    "cik": "0000103730",
    "fillingDate": "2023-08-09",
    "acceptedDate": "2023-08-09 16:03:56",
    "calendarYear": "2023",
    "period": "Q2",
    "revenue": 892110000,
    "costOfRevenue": 634637000,
    "grossProfit": 257473000,
    "grossProfitRatio": 0.2886112699,
    "researchAndDevelopmentExpenses": 0,
    "generalAndAdministrativeExpenses": 122857000,
    "sellingAndMarketingExpenses": 0,
    "sellingGeneralAndAdministrativeExpenses": 122857000,
    "otherExpenses": 5257000,
    "operatingExpenses": 122857000,
    "costAndExpenses": 757494000,
    "interestIncome": 6292000,
    "interestExpense": 6404000,
    "depreciationAndAmortization": 44393000,
    "ebitda": 184266000,
    "ebitdaratio": 0.2065507617,
    "operatingIncome": 134616000,
    "operatingIncomeRatio": 0.1508961899,
    "totalOtherIncomeExpensesNet": -1147000,
    "incomeBeforeTax": 133469000,
    "incomeBeforeTaxRatio": 0.149610474,
    "incomeTaxExpense": 38054000,
    "netIncome": 95038000,
    "netIncomeRatio": 0.1065317057,
    "eps": 0.68,
    "epsdiluted": 0.68,
    "weightedAverageShsOut": 139764000,
    "weightedAverageShsOutDil": 140478000,
    "link": "https://www.sec.gov/Archives/edgar/data/103730/000010373023000067/0000103730-23-000067-index.htm",
    "finalLink": "https://www.sec.gov/Archives/edgar/data/103730/000010373023000067/vishayintertech_10q.htm"
  },
  {
    "date": "2023-04-01",
    "symbol": "VSH",
    "reportedCurrency": "USD",
    "cik": "0000103730",
    "fillingDate": "2023-05-10",
    "acceptedDate": "2023-05-10 16:03:52",
    "calendarYear": "2023",
    "period": "Q1",
    "revenue": 871046000,
    "costOfRevenue": 592333000,
    "grossProfit": 278713000,
    "grossProfitRatio": 0.3199750645,
    "researchAndDevelopmentExpenses": 0,
    "generalAndAdministrativeExpenses": 0,
    "sellingAndMarketingExpenses": 0,
    "sellingGeneralAndAdministrativeExpenses": 120145000,
    "otherExpenses": 3329000,
    "operatingExpenses": 120145000,
    "costAndExpenses": 712478000,
    "interestIncome": 5944000,
    "interestExpense": 5120000,
    "depreciationAndAmortization": 43301000,
    "ebitda": 205198000,
    "ebitdaratio": 0.2355765367,
    "operatingIncome": 158568000,
    "operatingIncomeRatio": 0.1820431986,
    "totalOtherIncomeExpensesNet": -1791000,
    "incomeBeforeTax": 156777000,
    "incomeBeforeTaxRatio": 0.1799870501,
    "incomeTaxExpense": 44588000,
    "netIncome": 111781000,
    "netIncomeRatio": 0.1283296175,
    "eps": 0.79,
    "epsdiluted": 0.79,
    "weightedAverageShsOut": 140636000,
    "weightedAverageShsOutDil": 141251000,
    "link": "https://www.sec.gov/Archives/edgar/data/103730/000010373023000040/0000103730-23-000040-index.htm",
    "finalLink": "https://www.sec.gov/Archives/edgar/data/103730/000010373023000040/vishayintertech_10q.htm"
  },
  {
    "date": "2022-12-31",
    "symbol": "VSH",
    "reportedCurrency": "USD",
    "cik": "0000103730",
    "fillingDate": "2023-02-22",
    "acceptedDate": "2023-02-22 07:18:17",
    "calendarYear": "2022",
    "period": "Q4",
    "revenue": 855298000,
    "costOfRevenue": 606178000,
    "grossProfit": 249120000,
    "grossProfitRatio": 0.2912669035,
    "researchAndDevelopmentExpenses": 81182000,
    "generalAndAdministrativeExpenses": 220800000,
    "sellingAndMarketingExpenses": 3964000,
    "sellingGeneralAndAdministrativeExpenses": 113812000,
    "otherExpenses": -2618000,
    "operatingExpenses": 113812000,
    "costAndExpenses": 719990000,
    "interestIncome": 4374000,
    "interestExpense": 4490000,
    "depreciationAndAmortization": 163991000,
    "ebitda": 296681000,
    "ebitdaratio": 0.1551389106,
    "operatingIncome": 90000000,
    "operatingIncomeRatio": 0.1052264825,
    "totalOtherIncomeExpensesNet": -7108000,
    "incomeBeforeTax": 128200000,
    "incomeBeforeTaxRatio": 0.1498892784,
    "incomeTaxExpense": 54999000,
    "netIncome": 72788000,
    "netIncomeRatio": 0.0851025023,
    "eps": 0.51,
    "epsdiluted": 0.51,
    "weightedAverageShsOut": 141643000,
    "weightedAverageShsOutDil": 142247000,
    "link": "https://www.sec.gov/Archives/edgar/data/103730/000010373023000013/0000103730-23-000013-index.htm",
    "finalLink": "https://www.sec.gov/Archives/edgar/data/103730/000010373023000013/form10k.htm"
  },
  {
    "date": "2022-10-01",
    "symbol": "VSH",
    "reportedCurrency": "USD",
    "cik": "0000103730",
    "fillingDate": "2022-11-02",
    "acceptedDate": "2022-11-02 16:03:48",
    "calendarYear": "2022",
    "period": "Q3",
    "revenue": 924798000,
    "costOfRevenue": 635260000,
    "grossProfit": 289538000,
    "grossProfitRatio": 0.3130824245,
    "researchAndDevelopmentExpenses": 0,
    "generalAndAdministrativeExpenses": 110400000,
    "sellingAndMarketingExpenses": -3964000,
    "sellingGeneralAndAdministrativeExpenses": 106436000,
    "otherExpenses": -2699000,
    "operatingExpenses": 106436000,
    "costAndExpenses": 741696000,
    "interestIncome": 1836000,
    "interestExpense": 4110000,
    "depreciationAndAmortization": 40334000,
    "ebitda": 220732000,
    "ebitdaratio": 0.240672017,
    "operatingIncome": 183102000,
    "operatingIncomeRatio": 0.1979913451,
    "totalOtherIncomeExpensesNet": -1973000,
    "incomeBeforeTax": 181129000,
    "incomeBeforeTaxRatio": 0.1958579063,
    "incomeTaxExpense": 40566000,
    "netIncome": 140061000,
    "netIncomeRatio": 0.1514503708,
    "eps": 0.98,
    "epsdiluted": 0.98,
    "weightedAverageShsOut": 142887000,
    "weightedAverageShsOutDil": 143447000,
    "link": "https://www.sec.gov/Archives/edgar/data/103730/000010373022000072/0000103730-22-000072-index.htm",
    "finalLink": "https://www.sec.gov/Archives/edgar/data/103730/000010373022000072/vishayintertech_10q.htm"
  },
  {
    "date": "2022-07-02",
    "symbol": "VSH",
    "reportedCurrency": "USD",
    "cik": "0000103730",
    "fillingDate": "2022-08-02",
    "acceptedDate": "2022-08-02 16:05:53",
    "calendarYear": "2022",
    "period": "Q2",
    "revenue": 863512000,
    "costOfRevenue": 602289000,
    "grossProfit": 261223000,
    "grossProfitRatio": 0.3025122986,
    "researchAndDevelopmentExpenses": 0,
    "generalAndAdministrativeExpenses": 110400000,
    "sellingAndMarketingExpenses": 0,
    "sellingGeneralAndAdministrativeExpenses": 110400000,
    "otherExpenses": -3065000,
    "operatingExpenses": 110400000,
    "costAndExpenses": 712689000,
    "interestIncome": 789000,
    "interestExpense": 4307000,
    "depreciationAndAmortization": 40317000,
    "ebitda": 195544000,
    "ebitdaratio": 0.2187161267,
    "operatingIncome": 150823000,
    "operatingIncomeRatio": 0.1746623093,
    "totalOtherIncomeExpensesNet": -2927000,
    "incomeBeforeTax": 147896000,
    "incomeBeforeTaxRatio": 0.1712726633,
    "incomeTaxExpense": 35127000,
    "netIncome": 112388000,
    "netIncomeRatio": 0.1301522156,
    "eps": 0.78,
    "epsdiluted": 0.78,
    "weightedAverageShsOut": 143996000,
    "weightedAverageShsOutDil": 144397000,
    "link": "https://www.sec.gov/Archives/edgar/data/103730/000010373022000055/0000103730-22-000055-index.htm",
    "finalLink": "https://www.sec.gov/Archives/edgar/data/103730/000010373022000055/vishayintertech_10q.htm"
  },
  {
    "date": "2022-04-02",
    "symbol": "VSH",
    "reportedCurrency": "USD",
    "cik": "0000103730",
    "fillingDate": "2022-05-03",
    "acceptedDate": "2022-05-03 16:03:43",
    "calendarYear": "2022",
    "period": "Q1",
    "revenue": 853793000,
    "costOfRevenue": 594685000,
    "grossProfit": 259108000,
    "grossProfitRatio": 0.3034787121,
    "researchAndDevelopmentExpenses": 0,
    "generalAndAdministrativeExpenses": 0,
    "sellingAndMarketingExpenses": 0,
    "sellingGeneralAndAdministrativeExpenses": 112855000,
    "otherExpenses": -5751000,
    "operatingExpenses": 112855000,
    "costAndExpenses": 707540000,
    "interestIncome": 561000,
    "interestExpense": 4222000,
    "depreciationAndAmortization": 40650000,
    "ebitda": 181152000,
    "ebitdaratio": 0.2121732083,
    "operatingIncome": 146253000,
    "operatingIncomeRatio": 0.171297961,
    "totalOtherIncomeExpensesNet": -9973000,
    "incomeBeforeTax": 136280000,
    "incomeBeforeTaxRatio": 0.1596171437,
    "incomeTaxExpense": 32330000,
    "netIncome": 103573000,
    "netIncomeRatio": 0.1213092635,
    "eps": 0.71,
    "epsdiluted": 0.71,
    "weightedAverageShsOut": 145053000,
    "weightedAverageShsOutDil": 145553000,
    "link": "https://www.sec.gov/Archives/edgar/data/103730/000010373022000030/0000103730-22-000030-index.htm",
    "finalLink": "https://www.sec.gov/Archives/edgar/data/103730/000010373022000030/vishayintertech_10q.htm"
  },
  {
    "date": "2021-12-31",
    "symbol": "VSH",
    "reportedCurrency": "USD",
    "cik": "0000103730",
    "fillingDate": "2022-02-23",
    "acceptedDate": "2022-02-23 06:36:14",
    "calendarYear": "2021",
    "period": "Q4",
    "revenue": 843072000,
    "costOfRevenue": 613116000,
    "grossProfit": 229956000,
    "grossProfitRatio": 0.272759622,
    "researchAndDevelopmentExpenses": 77377000,
    "generalAndAdministrativeExpenses": 206115000,
    "sellingAndMarketingExpenses": -97804000,
    "sellingGeneralAndAdministrativeExpenses": 108311000,
    "otherExpenses": -3495000,
    "operatingExpenses": 108311000,
    "costAndExpenses": 721427000,
    "interestIncome": 362000,
    "interestExpense": 4292000,
    "depreciationAndAmortization": 41942000,
    "ebitda": 160245000,
    "ebitdaratio": 0.1401422417,
    "operatingIncome": 121645000,
    "operatingIncomeRatio": 0.1442877951,
    "totalOtherIncomeExpensesNet": -7787000,
    "incomeBeforeTax": 113858000,
    "incomeBeforeTaxRatio": 0.1350513361,
    "incomeTaxExpense": 77027000,
    "netIncome": 36523000,
    "netIncomeRatio": 0.0433213296,
    "eps": 0.25,
    "epsdiluted": 0.25,
    "weightedAverageShsOut": 145019000,
    "weightedAverageShsOutDil": 145617000,
    "link": "https://www.sec.gov/Archives/edgar/data/103730/000010373022000010/0000103730-22-000010-index.htm",
    "finalLink": "https://www.sec.gov/Archives/edgar/data/103730/000010373022000010/vishayintertech_10k.htm"
  },
  {
    "date": "2021-10-02",
    "symbol": "VSH",
    "reportedCurrency": "USD",
    "cik": "0000103730",
    "fillingDate": "2021-11-03",
    "acceptedDate": "2021-11-03 16:03:34",
    "calendarYear": "2021",
    "period": "Q3",
    "revenue": 813663000,
    "costOfRevenue": 587927000,
    "grossProfit": 225736000,
    "grossProfitRatio": 0.2774318115,
    "researchAndDevelopmentExpenses": 0,
    "generalAndAdministrativeExpenses": 102215000,
    "sellingAndMarketingExpenses": 0,
    "sellingGeneralAndAdministrativeExpenses": 102215000,
    "otherExpenses": -3258000,
    "operatingExpenses": 102215000,
    "costAndExpenses": 690142000,
    "interestIncome": 295000,
    "interestExpense": 4427000,
    "depreciationAndAmortization": 41216000,
    "ebitda": 161480000,
    "ebitdaratio": 0.198821871,
    "operatingIncome": 123521000,
    "operatingIncomeRatio": 0.1518085497,
    "totalOtherIncomeExpensesNet": -7106000,
    "incomeBeforeTax": 116415000,
    "incomeBeforeTaxRatio": 0.1430752044,
    "incomeTaxExpense": 19333000,
    "netIncome": 96820000,
    "netIncomeRatio": 0.1189927525,
    "eps": 0.67,
    "epsdiluted": 0.67,
    "weightedAverageShsOut": 145017000,
    "weightedAverageShsOutDil": 145458000,
    "link": "https://www.sec.gov/Archives/edgar/data/103730/000010373021000067/0000103730-21-000067-index.htm",
    "finalLink": "https://www.sec.gov/Archives/edgar/data/103730/000010373021000067/vishayintertech_10q.htm"
  },
  {
    "date": "2021-07-03",
    "symbol": "VSH",
    "reportedCurrency": "USD",
    "cik": "0000103730",
    "fillingDate": "2021-08-10",
    "acceptedDate": "2021-08-10 16:01:40",
    "calendarYear": "2021",
    "period": "Q2",
    "revenue": 819120000,
    "costOfRevenue": 589848000,
    "grossProfit": 229272000,
    "grossProfitRatio": 0.2799003809,
    "researchAndDevelopmentExpenses": 0,
    "generalAndAdministrativeExpenses": 103900000,
    "sellingAndMarketingExpenses": 0,
    "sellingGeneralAndAdministrativeExpenses": 103900000,
    "otherExpenses": -3305000,
    "operatingExpenses": 103900000,
    "costAndExpenses": 693748000,
    "interestIncome": 325000,
    "interestExpense": 4443000,
    "depreciationAndAmortization": 41733000,
    "ebitda": 163800000,
    "ebitdaratio": 0.2003674675,
    "operatingIncome": 125372000,
    "operatingIncomeRatio": 0.1530569392,
    "totalOtherIncomeExpensesNet": -8192000,
    "incomeBeforeTax": 117180000,
    "incomeBeforeTaxRatio": 0.1430559625,
    "incomeTaxExpense": 23799000,
    "netIncome": 93192000,
    "netIncomeRatio": 0.1137708761,
    "eps": 0.64,
    "epsdiluted": 0.64,
    "weightedAverageShsOut": 145017000,
    "weightedAverageShsOutDil": 145445000,
    "link": "https://www.sec.gov/Archives/edgar/data/103730/000010373021000046/0000103730-21-000046-index.htm",
    "finalLink": "https://www.sec.gov/Archives/edgar/data/103730/000010373021000046/vishayintertech_10q.htm"
  },
  {
    "date": "2021-04-03",
    "symbol": "VSH",
    "reportedCurrency": "USD",
    "cik": "0000103730",
    "fillingDate": "2021-05-04",
    "acceptedDate": "2021-05-04 16:05:12",
    "calendarYear": "2021",
    "period": "Q1",
    "revenue": 764632000,
    "costOfRevenue": 561683000,
    "grossProfit": 202949000,
    "grossProfitRatio": 0.2654204899,
    "researchAndDevelopmentExpenses": 0,
    "generalAndAdministrativeExpenses": 0,
    "sellingAndMarketingExpenses": 0,
    "sellingGeneralAndAdministrativeExpenses": 105685000,
    "otherExpenses": -3286000,
    "operatingExpenses": 105685000,
    "costAndExpenses": 667368000,
    "interestIncome": 287000,
    "interestExpense": 4376000,
    "depreciationAndAmortization": 42146000,
    "ebitda": 136108000,
    "ebitdaratio": 0.1784008517,
    "operatingIncome": 97264000,
    "operatingIncomeRatio": 0.1272036744,
    "totalOtherIncomeExpensesNet": -10107000,
    "incomeBeforeTax": 87157000,
    "incomeBeforeTaxRatio": 0.1139855512,
    "incomeTaxExpense": 15514000,
    "netIncome": 71435000,
    "netIncomeRatio": 0.0934240262,
    "eps": 0.49,
    "epsdiluted": 0.49,
    "weightedAverageShsOut": 144968000,
    "weightedAverageShsOutDil": 145463000,
    "link": "https://www.sec.gov/Archives/edgar/data/103730/000010373021000030/0000103730-21-000030-index.htm",
    "finalLink": "https://www.sec.gov/Archives/edgar/data/103730/000010373021000030/vishayintertech_10q.htm"
  },
  {
    "date": "2020-12-31",
    "symbol": "VSH",
    "reportedCurrency": "USD",
    "cik": "0000103730",
    "fillingDate": "2021-02-24",
    "acceptedDate": "2021-02-24 07:20:19",
    "calendarYear": "2020",
    "period": "Q4",
    "revenue": 667180000,
    "costOfRevenue": 514896000,
    "grossProfit": 152284000,
    "grossProfitRatio": 0.2282502473,
    "researchAndDevelopmentExpenses": 70861000,
    "generalAndAdministrativeExpenses": 178254000,
    "sellingAndMarketingExpenses": -1092000,
    "sellingGeneralAndAdministrativeExpenses": 92272000,
    "otherExpenses": -5570000,
    "operatingExpenses": 92272000,
    "costAndExpenses": 607168000,
    "interestIncome": 385000,
    "interestExpense": 7159000,
    "depreciationAndAmortization": 42454000,
    "ebitda": 97939000,
    "ebitdaratio": 0.1452321712,
    "operatingIncome": 60012000,
    "operatingIncomeRatio": 0.0899487395,
    "totalOtherIncomeExpensesNet": -13282000,
    "incomeBeforeTax": 46730000,
    "incomeBeforeTaxRatio": 0.0700410684,
    "incomeTaxExpense": 8887000,
    "netIncome": 37567000,
    "netIncomeRatio": 0.0563071435,
    "eps": 0.26,
    "epsdiluted": 0.26,
    "weightedAverageShsOut": 144855000,
    "weightedAverageShsOutDil": 145251000,
    "link": "https://www.sec.gov/Archives/edgar/data/103730/000010373021000014/0000103730-21-000014-index.htm",
    "finalLink": "https://www.sec.gov/Archives/edgar/data/103730/000010373021000014/vishayintertech_10k.htm"
  },
  {
    "date": "2020-10-03",
    "symbol": "VSH",
    "reportedCurrency": "USD",
    "cik": "0000103730",
    "fillingDate": "2020-11-03",
    "acceptedDate": "2020-11-03 16:01:48",
    "calendarYear": "2020",
    "period": "Q3",
    "revenue": 640160000,
    "costOfRevenue": 488451000,
    "grossProfit": 151709000,
    "grossProfitRatio": 0.236986066,
    "researchAndDevelopmentExpenses": 0,
    "generalAndAdministrativeExpenses": 89127000,
    "sellingAndMarketingExpenses": 1092000,
    "sellingGeneralAndAdministrativeExpenses": 90219000,
    "otherExpenses": -4898000,
    "operatingExpenses": 90219000,
    "costAndExpenses": 578670000,
    "interestIncome": 514000,
    "interestExpense": 7414000,
    "depreciationAndAmortization": 41618000,
    "ebitda": 99642000,
    "ebitdaratio": 0.0884028993,
    "operatingIncome": 61490000,
    "operatingIncomeRatio": 0.0960541115,
    "totalOtherIncomeExpensesNet": -15766000,
    "incomeBeforeTax": 45724000,
    "incomeBeforeTaxRatio": 0.0714258935,
    "incomeTaxExpense": 12063000,
    "netIncome": 33484000,
    "netIncomeRatio": 0.0523056736,
    "eps": 0.23,
    "epsdiluted": 0.23,
    "weightedAverageShsOut": 144854000,
    "weightedAverageShsOutDil": 145197000,
    "link": "https://www.sec.gov/Archives/edgar/data/103730/000010373020000071/0000103730-20-000071-index.htm",
    "finalLink": "https://www.sec.gov/Archives/edgar/data/103730/000010373020000071/vishayintertech_10q.htm"
  },
  {
    "date": "2020-07-04",
    "symbol": "VSH",
    "reportedCurrency": "USD",
    "cik": "0000103730",
    "fillingDate": "2020-08-04",
    "acceptedDate": "2020-08-04 15:57:54",
    "calendarYear": "2020",
    "period": "Q2",
    "revenue": 581717000,
    "costOfRevenue": 451047000,
    "grossProfit": 130670000,
    "grossProfitRatio": 0.2246281267,
    "researchAndDevelopmentExpenses": 0,
    "generalAndAdministrativeExpenses": 89127000,
    "sellingAndMarketingExpenses": 0,
    "sellingGeneralAndAdministrativeExpenses": 89127000,
    "otherExpenses": -3063000,
    "operatingExpenses": 89127000,
    "costAndExpenses": 540174000,
    "interestIncome": 956000,
    "interestExpense": 8430000,
    "depreciationAndAmortization": 40638000,
    "ebitda": 79294000,
    "ebitdaratio": 0.1376511259,
    "operatingIncome": 40800000,
    "operatingIncomeRatio": 0.0701371973,
    "totalOtherIncomeExpensesNet": -11060000,
    "incomeBeforeTax": 29740000,
    "incomeBeforeTaxRatio": 0.0511245159,
    "incomeTaxExpense": 4845000,
    "netIncome": 24653000,
    "netIncomeRatio": 0.0423797138,
    "eps": 0.17,
    "epsdiluted": 0.17,
    "weightedAverageShsOut": 144846000,
    "weightedAverageShsOutDil": 145170000,
    "link": "https://www.sec.gov/Archives/edgar/data/103730/000010373020000052/0000103730-20-000052-index.htm",
    "finalLink": "https://www.sec.gov/Archives/edgar/data/103730/000010373020000052/vishayintertech_10q.htm"
  },
  {
    "date": "2020-04-04",
    "symbol": "VSH",
    "reportedCurrency": "USD",
    "cik": "0000103730",
    "fillingDate": "2020-05-12",
    "acceptedDate": "2020-05-12 16:02:54",
    "calendarYear": "2020",
    "period": "Q1",
    "revenue": 612841000,
    "costOfRevenue": 465601000,
    "grossProfit": 147240000,
    "grossProfitRatio": 0.2402580767,
    "researchAndDevelopmentExpenses": 0,
    "generalAndAdministrativeExpenses": 0,
    "sellingAndMarketingExpenses": 0,
    "sellingGeneralAndAdministrativeExpenses": 99832000,
    "otherExpenses": -3083000,
    "operatingExpenses": 99832000,
    "costAndExpenses": 565433000,
    "interestIncome": 1854000,
    "interestExpense": 8552000,
    "depreciationAndAmortization": 41520000,
    "ebitda": 89307000,
    "ebitdaratio": 0.1431023708,
    "operatingIncome": 47408000,
    "operatingIncomeRatio": 0.0773577486,
    "totalOtherIncomeExpensesNet": -11274000,
    "incomeBeforeTax": 36134000,
    "incomeBeforeTaxRatio": 0.0589614598,
    "incomeTaxExpense": 8750000,
    "netIncome": 27219000,
    "netIncomeRatio": 0.0444144566,
    "eps": 0.19,
    "epsdiluted": 0.19,
    "weightedAverageShsOut": 144792000,
    "weightedAverageShsOutDil": 145295000,
    "link": "https://www.sec.gov/Archives/edgar/data/103730/000010373020000035/0000103730-20-000035-index.htm",
    "finalLink": "https://www.sec.gov/Archives/edgar/data/103730/000010373020000035/vishayintertech_10q.htm"
  },
  {
    "date": "2019-12-31",
    "symbol": "VSH",
    "reportedCurrency": "USD",
    "cik": "0000103730",
    "fillingDate": "2020-02-14",
    "acceptedDate": "2020-02-14 07:28:49",
    "calendarYear": "2019",
    "period": "Q4",
    "revenue": 609577000,
    "costOfRevenue": 474216000,
    "grossProfit": 135361000,
    "grossProfitRatio": 0.2220572627,
    "researchAndDevelopmentExpenses": 69827000,
    "generalAndAdministrativeExpenses": 186908000,
    "sellingAndMarketingExpenses": -92609000,
    "sellingGeneralAndAdministrativeExpenses": 94299000,
    "otherExpenses": -3652000,
    "operatingExpenses": 94299000,
    "costAndExpenses": 568515000,
    "interestIncome": 1734000,
    "interestExpense": 8523000,
    "depreciationAndAmortization": 42159000,
    "ebitda": 79373000,
    "ebitdaratio": 0.1305314997,
    "operatingIncome": 24178000,
    "operatingIncomeRatio": 0.03966357,
    "totalOtherIncomeExpensesNet": -12898000,
    "incomeBeforeTax": 11280000,
    "incomeBeforeTaxRatio": 0.0185046352,
    "incomeTaxExpense": -2869000,
    "netIncome": 13962000,
    "netIncomeRatio": 0.0229044075,
    "eps": 0.1,
    "epsdiluted": 0.1,
    "weightedAverageShsOut": 144628000,
    "weightedAverageShsOutDil": 145202000,
    "link": "https://www.sec.gov/Archives/edgar/data/103730/000010373020000013/0000103730-20-000013-index.htm",
    "finalLink": "https://www.sec.gov/Archives/edgar/data/103730/000010373020000013/vishayintertech_10k.htm"
  },
  {
    "date": "2019-09-28",
    "symbol": "VSH",
    "reportedCurrency": "USD",
    "cik": "0000103730",
    "fillingDate": "2019-10-30",
    "acceptedDate": "2019-10-29 20:06:40",
    "calendarYear": "2019",
    "period": "Q3",
    "revenue": 628329000,
    "costOfRevenue": 478250000,
    "grossProfit": 150079000,
    "grossProfitRatio": 0.2388541672,
    "researchAndDevelopmentExpenses": 0,
    "generalAndAdministrativeExpenses": 91796000,
    "sellingAndMarketingExpenses": 0,
    "sellingGeneralAndAdministrativeExpenses": 91796000,
    "otherExpenses": 1718000,
    "operatingExpenses": 91796000,
    "costAndExpenses": 570046000,
    "interestIncome": 2365000,
    "interestExpense": 8564000,
    "depreciationAndAmortization": 40956000,
    "ebitda": 95891000,
    "ebitdaratio": 0.0954929663,
    "operatingIncome": 51028000,
    "operatingIncomeRatio": 0.0812122312,
    "totalOtherIncomeExpensesNet": -6846000,
    "incomeBeforeTax": 44182000,
    "incomeBeforeTaxRatio": 0.0703166653,
    "incomeTaxExpense": 13917000,
    "netIncome": 30038000,
    "netIncomeRatio": 0.0478061652,
    "eps": 0.21,
    "epsdiluted": 0.21,
    "weightedAverageShsOut": 144628000,
    "weightedAverageShsOutDil": 145027000,
    "link": "https://www.sec.gov/Archives/edgar/data/103730/000010373019000060/0000103730-19-000060-index.htm",
    "finalLink": "https://www.sec.gov/Archives/edgar/data/103730/000010373019000060/vishayintertech_10q.htm"
  },
  {
    "date": "2019-06-29",
    "symbol": "VSH",
    "reportedCurrency": "USD",
    "cik": "0000103730",
    "fillingDate": "2019-07-30",
    "acceptedDate": "2019-07-30 16:02:45",
    "calendarYear": "2019",
    "period": "Q2",
    "revenue": 685240000,
    "costOfRevenue": 510639000,
    "grossProfit": 174601000,
    "grossProfitRatio": 0.2548026969,
    "researchAndDevelopmentExpenses": 0,
    "generalAndAdministrativeExpenses": 95112000,
    "sellingAndMarketingExpenses": 0,
    "sellingGeneralAndAdministrativeExpenses": 95112000,
    "otherExpenses": -3462000,
    "operatingExpenses": 95112000,
    "costAndExpenses": 605751000,
    "interestIncome": 2147000,
    "interestExpense": 8204000,
    "depreciationAndAmortization": 40918000,
    "ebitda": 117040000,
    "ebitdaratio": 0.1737960423,
    "operatingIncome": 79489000,
    "operatingIncomeRatio": 0.1160016928,
    "totalOtherIncomeExpensesNet": -8601000,
    "incomeBeforeTax": 70888000,
    "incomeBeforeTaxRatio": 0.1034498862,
    "incomeTaxExpense": 26153000,
    "netIncome": 44477000,
    "netIncomeRatio": 0.0649071858,
    "eps": 0.31,
    "epsdiluted": 0.31,
    "weightedAverageShsOut": 144621000,
    "weightedAverageShsOutDil": 145023000,
    "link": "https://www.sec.gov/Archives/edgar/data/103730/000010373019000037/0000103730-19-000037-index.htm",
    "finalLink": "https://www.sec.gov/Archives/edgar/data/103730/000010373019000037/vishayintertech_10q.htm"
  },
  {
    "date": "2019-03-30",
    "symbol": "VSH",
    "reportedCurrency": "USD",
    "cik": "0000103730",
    "fillingDate": "2019-05-09",
    "acceptedDate": "2019-05-09 16:03:09",
    "calendarYear": "2019",
    "period": "Q1",
    "revenue": 745159000,
    "costOfRevenue": 534000000,
    "grossProfit": 211159000,
    "grossProfitRatio": 0.2833744208,
    "researchAndDevelopmentExpenses": 0,
    "generalAndAdministrativeExpenses": 0,
    "sellingAndMarketingExpenses": 0,
    "sellingGeneralAndAdministrativeExpenses": 103424000,
    "otherExpenses": -3407000,
    "operatingExpenses": 103424000,
    "costAndExpenses": 637424000,
    "interestIncome": 2199000,
    "interestExpense": 8392000,
    "depreciationAndAmortization": 40428000,
    "ebitda": 144767000,
    "ebitdaratio": 0.1972129438,
    "operatingIncome": 107735000,
    "operatingIncomeRatio": 0.1445798816,
    "totalOtherIncomeExpensesNet": -7787000,
    "incomeBeforeTax": 99948000,
    "incomeBeforeTaxRatio": 0.1341297629,
    "incomeTaxExpense": 24307000,
    "netIncome": 75459000,
    "netIncomeRatio": 0.1012656359,
    "eps": 0.52,
    "epsdiluted": 0.52,
    "weightedAverageShsOut": 144554000,
    "weightedAverageShsOutDil": 145289000,
    "link": "https://www.sec.gov/Archives/edgar/data/103730/000010373019000019/0000103730-19-000019-index.htm",
    "finalLink": "https://www.sec.gov/Archives/edgar/data/103730/000010373019000019/vishayintertech_10q.htm"
  },
  {
    "date": "2018-12-31",
    "symbol": "VSH",
    "reportedCurrency": "USD",
    "cik": "0000103730",
    "fillingDate": "2019-02-15",
    "acceptedDate": "2019-02-15 07:51:52",
    "calendarYear": "2018",
    "period": "Q4",
    "revenue": 775892000,
    "costOfRevenue": 556202000,
    "grossProfit": 219690000,
    "grossProfitRatio": 0.2831450769,
    "researchAndDevelopmentExpenses": 72885000,
    "generalAndAdministrativeExpenses": 100023000,
    "sellingAndMarketingExpenses": 0,
    "sellingGeneralAndAdministrativeExpenses": 100023000,
    "otherExpenses": -185000,
    "operatingExpenses": 100023000,
    "costAndExpenses": 656225000,
    "interestIncome": 3638000,
    "interestExpense": 9818000,
    "depreciationAndAmortization": 39975000,
    "ebitda": 154644000,
    "ebitdaratio": 0.1539930815,
    "operatingIncome": 119667000,
    "operatingIncomeRatio": 0.1542315168,
    "totalOtherIncomeExpensesNet": -19277000,
    "incomeBeforeTax": 100390000,
    "incomeBeforeTaxRatio": 0.1293865641,
    "incomeTaxExpense": -2269000,
    "netIncome": 102419000,
    "netIncomeRatio": 0.1320016188,
    "eps": 0.71,
    "epsdiluted": 0.69,
    "weightedAverageShsOut": 144384000,
    "weightedAverageShsOutDil": 148378000,
    "link": "https://www.sec.gov/Archives/edgar/data/103730/000010373019000008/0000103730-19-000008-index.htm",
    "finalLink": "https://www.sec.gov/Archives/edgar/data/103730/000010373019000008/vishayintertech_10k.htm"
  },
  {
    "date": "2018-09-29",
    "symbol": "VSH",
    "reportedCurrency": "USD",
    "cik": "0000103730",
    "fillingDate": "2018-10-30",
    "acceptedDate": "2018-10-30 16:03:48",
    "calendarYear": "2018",
    "period": "Q3",
    "revenue": 780972000,
    "costOfRevenue": 544676000,
    "grossProfit": 236296000,
    "grossProfitRatio": 0.3025665453,
    "researchAndDevelopmentExpenses": 0,
    "generalAndAdministrativeExpenses": 98198000,
    "sellingAndMarketingExpenses": 0,
    "sellingGeneralAndAdministrativeExpenses": 98198000,
    "otherExpenses": -3690000,
    "operatingExpenses": 98198000,
    "costAndExpenses": 642874000,
    "interestIncome": 3504000,
    "interestExpense": 10813000,
    "depreciationAndAmortization": 40714000,
    "ebitda": 175445000,
    "ebitdaratio": 0.2287226687,
    "operatingIncome": 138098000,
    "operatingIncomeRatio": 0.1768283626,
    "totalOtherIncomeExpensesNet": -11290000,
    "incomeBeforeTax": 126808000,
    "incomeBeforeTaxRatio": 0.1623720185,
    "incomeTaxExpense": 48737000,
    "netIncome": 77876000,
    "netIncomeRatio": 0.0997167632,
    "eps": 0.54,
    "epsdiluted": 0.51,
    "weightedAverageShsOut": 144383000,
    "weightedAverageShsOutDil": 152946000,
    "link": "https://www.sec.gov/Archives/edgar/data/103730/000010373018000041/0000103730-18-000041-index.htm",
    "finalLink": "https://www.sec.gov/Archives/edgar/data/103730/000010373018000041/vishayintertech_10q.htm"
  },
  {
    "date": "2018-06-30",
    "symbol": "VSH",
    "reportedCurrency": "USD",
    "cik": "0000103730",
    "fillingDate": "2018-08-07",
    "acceptedDate": "2018-08-07 16:03:08",
    "calendarYear": "2018",
    "period": "Q2",
    "revenue": 761030000,
    "costOfRevenue": 533792000,
    "grossProfit": 227238000,
    "grossProfitRatio": 0.2985926967,
    "researchAndDevelopmentExpenses": 0,
    "generalAndAdministrativeExpenses": 103945000,
    "sellingAndMarketingExpenses": 0,
    "sellingGeneralAndAdministrativeExpenses": 103945000,
    "otherExpenses": -3447000,
    "operatingExpenses": 103945000,
    "costAndExpenses": 637737000,
    "interestIncome": 2762000,
    "interestExpense": 8372000,
    "depreciationAndAmortization": 40616000,
    "ebitda": 158393000,
    "ebitdaratio": 0.2144777473,
    "operatingIncome": 123293000,
    "operatingIncomeRatio": 0.162008068,
    "totalOtherIncomeExpensesNet": -25734000,
    "incomeBeforeTax": 97559000,
    "incomeBeforeTaxRatio": 0.1281933695,
    "incomeTaxExpense": -5703000,
    "netIncome": 103097000,
    "netIncomeRatio": 0.1354703494,
    "eps": 0.71,
    "epsdiluted": 0.65,
    "weightedAverageShsOut": 144382000,
    "weightedAverageShsOutDil": 157657000,
    "link": "https://www.sec.gov/Archives/edgar/data/103730/000010373018000031/0000103730-18-000031-index.htm",
    "finalLink": "https://www.sec.gov/Archives/edgar/data/103730/000010373018000031/vishayintertech_10q.htm"
  },
  {
    "date": "2018-03-31",
    "symbol": "VSH",
    "reportedCurrency": "USD",
    "cik": "0000103730",
    "fillingDate": "2018-05-08",
    "acceptedDate": "2018-05-08 16:03:11",
    "calendarYear": "2018",
    "period": "Q1",
    "revenue": 716795000,
    "costOfRevenue": 511495000,
    "grossProfit": 205300000,
    "grossProfitRatio": 0.2864138282,
    "researchAndDevelopmentExpenses": 0,
    "generalAndAdministrativeExpenses": 101238000,
    "sellingAndMarketingExpenses": 0,
    "sellingGeneralAndAdministrativeExpenses": 101238000,
    "otherExpenses": -3573000,
    "operatingExpenses": 101238000,
    "costAndExpenses": 612733000,
    "interestIncome": 2036000,
    "interestExpense": 7677000,
    "depreciationAndAmortization": 40558000,
    "ebitda": 141101000,
    "ebitdaratio": 0.1996149527,
    "operatingIncome": 104062000,
    "operatingIncomeRatio": 0.1451767939,
    "totalOtherIncomeExpensesNet": -12043000,
    "incomeBeforeTax": 92019000,
    "incomeBeforeTaxRatio": 0.1283756165,
    "incomeTaxExpense": 29474000,
    "netIncome": 62366000,
    "netIncomeRatio": 0.0870067453,
    "eps": 0.43,
    "epsdiluted": 0.39,
    "weightedAverageShsOut": 144327000,
    "weightedAverageShsOutDil": 159502000,
    "link": "https://www.sec.gov/Archives/edgar/data/103730/000010373018000019/0000103730-18-000019-index.htm",
    "finalLink": "https://www.sec.gov/Archives/edgar/data/103730/000010373018000019/vishayintertech_10q.htm"
  },
  {
    "date": "2017-12-31",
    "symbol": "VSH",
    "reportedCurrency": "USD",
    "cik": "0000103730",
    "fillingDate": "2018-02-16",
    "acceptedDate": "2018-02-16 08:08:33",
    "calendarYear": "2017",
    "period": "Q4",
    "revenue": 674489000,
    "costOfRevenue": 497988000,
    "grossProfit": 176501000,
    "grossProfitRatio": 0.2616810652,
    "researchAndDevelopmentExpenses": 67153000,
    "generalAndAdministrativeExpenses": 97886000,
    "sellingAndMarketingExpenses": 0,
    "sellingGeneralAndAdministrativeExpenses": 97886000,
    "otherExpenses": 587000,
    "operatingExpenses": 97886000,
    "costAndExpenses": 595874000,
    "interestIncome": 1883000,
    "interestExpense": 7046000,
    "depreciationAndAmortization": 41827000,
    "ebitda": 120283000,
    "ebitdaratio": 0.1174251915,
    "operatingIncome": 72536000,
    "operatingIncomeRatio": 0.1075421541,
    "totalOtherIncomeExpensesNet": -5511000,
    "incomeBeforeTax": 67025000,
    "incomeBeforeTaxRatio": 0.0993715242,
    "incomeTaxExpense": 244526000,
    "netIncome": -177657000,
    "netIncomeRatio": -0.2633949553,
    "eps": -1.23,
    "epsdiluted": -1.23,
    "weightedAverageShsOut": 144165000,
    "weightedAverageShsOutDil": 144165000,
    "link": "https://www.sec.gov/Archives/edgar/data/103730/000010373018000008/0000103730-18-000008-index.htm",
    "finalLink": "https://www.sec.gov/Archives/edgar/data/103730/000010373018000008/vishayintertech_10k.htm"
  },
  {
    "date": "2017-09-30",
    "symbol": "VSH",
    "reportedCurrency": "USD",
    "cik": "0000103730",
    "fillingDate": "2017-10-26",
    "acceptedDate": "2017-10-26 16:03:29",
    "calendarYear": "2017",
    "period": "Q3",
    "revenue": 677883000,
    "costOfRevenue": 488610000,
    "grossProfit": 189273000,
    "grossProfitRatio": 0.2792118994,
    "researchAndDevelopmentExpenses": 0,
    "generalAndAdministrativeExpenses": 93701000,
    "sellingAndMarketingExpenses": 0,
    "sellingGeneralAndAdministrativeExpenses": 93701000,
    "otherExpenses": -100000,
    "operatingExpenses": 93701000,
    "costAndExpenses": 582311000,
    "interestIncome": 1802000,
    "interestExpense": 6938000,
    "depreciationAndAmortization": 40939000,
    "ebitda": 136456000,
    "ebitdaratio": 0.2038891667,
    "operatingIncome": 92328000,
    "operatingIncomeRatio": 0.1362004948,
    "totalOtherIncomeExpensesNet": -9228000,
    "incomeBeforeTax": 86188000,
    "incomeBeforeTaxRatio": 0.1271428845,
    "incomeTaxExpense": 21605000,
    "netIncome": 64404000,
    "netIncomeRatio": 0.0950075455,
    "eps": 0.44,
    "epsdiluted": 0.41,
    "weightedAverageShsOut": 145728000,
    "weightedAverageShsOutDil": 156701000,
    "link": "https://www.sec.gov/Archives/edgar/data/103730/000010373017000044/0000103730-17-000044-index.htm",
    "finalLink": "https://www.sec.gov/Archives/edgar/data/103730/000010373017000044/vishayintertech_10q.htm"
  },
  {
    "date": "2017-07-01",
    "symbol": "VSH",
    "reportedCurrency": "USD",
    "cik": "0000103730",
    "fillingDate": "2017-08-03",
    "acceptedDate": "2017-08-03 16:02:59",
    "calendarYear": "2017",
    "period": "Q2",
    "revenue": 644892000,
    "costOfRevenue": 471929000,
    "grossProfit": 172963000,
    "grossProfitRatio": 0.2682045986,
    "researchAndDevelopmentExpenses": 0,
    "generalAndAdministrativeExpenses": 90446000,
    "sellingAndMarketingExpenses": 0,
    "sellingGeneralAndAdministrativeExpenses": 90446000,
    "otherExpenses": -25000,
    "operatingExpenses": 90446000,
    "costAndExpenses": 562375000,
    "interestIncome": 1534000,
    "interestExpense": 7076000,
    "depreciationAndAmortization": 40168000,
    "ebitda": 122574000,
    "ebitdaratio": 0.1925810833,
    "operatingIncome": 82036000,
    "operatingIncomeRatio": 0.127208897,
    "totalOtherIncomeExpensesNet": -9296000,
    "incomeBeforeTax": 75709000,
    "incomeBeforeTaxRatio": 0.1173979519,
    "incomeTaxExpense": 19300000,
    "netIncome": 56190000,
    "netIncomeRatio": 0.0871308684,
    "eps": 0.38,
    "epsdiluted": 0.36,
    "weightedAverageShsOut": 146381000,
    "weightedAverageShsOutDil": 155300000,
    "link": "https://www.sec.gov/Archives/edgar/data/103730/000010373017000031/0000103730-17-000031-index.htm",
    "finalLink": "https://www.sec.gov/Archives/edgar/data/103730/000010373017000031/vishayintertech_10q.htm"
  },
  {
    "date": "2017-04-01",
    "symbol": "VSH",
    "reportedCurrency": "USD",
    "cik": "0000103730",
    "fillingDate": "2017-05-03",
    "acceptedDate": "2017-05-03 16:02:57",
    "calendarYear": "2017",
    "period": "Q1",
    "revenue": 606258000,
    "costOfRevenue": 445383000,
    "grossProfit": 160875000,
    "grossProfitRatio": 0.2653573231,
    "researchAndDevelopmentExpenses": 0,
    "generalAndAdministrativeExpenses": 94718000,
    "sellingAndMarketingExpenses": 0,
    "sellingGeneralAndAdministrativeExpenses": 94718000,
    "otherExpenses": 2000,
    "operatingExpenses": 94718000,
    "costAndExpenses": 540101000,
    "interestIncome": 1263000,
    "interestExpense": 6790000,
    "depreciationAndAmortization": 40212000,
    "ebitda": 106369000,
    "ebitdaratio": 0.1775382758,
    "operatingIncome": 64688000,
    "operatingIncomeRatio": 0.1067004477,
    "totalOtherIncomeExpensesNet": -14246000,
    "incomeBeforeTax": 50442000,
    "incomeBeforeTaxRatio": 0.083202201,
    "incomeTaxExpense": 13493000,
    "netIncome": 36719000,
    "netIncomeRatio": 0.0605666235,
    "eps": 0.25,
    "epsdiluted": 0.24,
    "weightedAverageShsOut": 146274000,
    "weightedAverageShsOutDil": 154876000,
    "link": "https://www.sec.gov/Archives/edgar/data/103730/000010373017000019/0000103730-17-000019-index.htm",
    "finalLink": "https://www.sec.gov/Archives/edgar/data/103730/000010373017000019/vishayintertech_10q.htm"
  },
  {
    "date": "2016-12-31",
    "symbol": "VSH",
    "reportedCurrency": "USD",
    "cik": "0000103730",
    "fillingDate": "2017-02-17",
    "acceptedDate": "2017-02-17 09:09:22",
    "calendarYear": "2016",
    "period": "Q4",
    "revenue": 570819000,
    "costOfRevenue": 438374000,
    "grossProfit": 132445000,
    "grossProfitRatio": 0.232026264,
    "researchAndDevelopmentExpenses": 66842000,
    "generalAndAdministrativeExpenses": 91532000,
    "sellingAndMarketingExpenses": 0,
    "sellingGeneralAndAdministrativeExpenses": 91532000,
    "otherExpenses": 2061000,
    "operatingExpenses": 91532000,
    "costAndExpenses": 529906000,
    "interestIncome": 1064000,
    "interestExpense": 6722000,
    "depreciationAndAmortization": 40220000,
    "ebitda": 5622000,
    "ebitdaratio": 0.0752848101,
    "operatingIncome": -45468000,
    "operatingIncomeRatio": -0.0796539709,
    "totalOtherIncomeExpensesNet": 4148000,
    "incomeBeforeTax": -41320000,
    "incomeBeforeTaxRatio": -0.0723872191,
    "incomeTaxExpense": 7284000,
    "netIncome": -48748000,
    "netIncomeRatio": -0.0854001006,
    "eps": -0.33,
    "epsdiluted": -0.33,
    "weightedAverageShsOut": 146195000,
    "weightedAverageShsOutDil": 146195000,
    "link": "https://www.sec.gov/Archives/edgar/data/103730/000010373017000007/0000103730-17-000007-index.htm",
    "finalLink": "https://www.sec.gov/Archives/edgar/data/103730/000010373017000007/vishayintertech_10k.htm"
  },
  {
    "date": "2016-10-01",
    "symbol": "VSH",
    "reportedCurrency": "USD",
    "cik": "0000103730",
    "fillingDate": "2016-11-07",
    "acceptedDate": "2016-11-07 16:03:39",
    "calendarYear": "2016",
    "period": "Q3",
    "revenue": 591955000,
    "costOfRevenue": 438054000,
    "grossProfit": 153901000,
    "grossProfitRatio": 0.259987668,
    "researchAndDevelopmentExpenses": 0,
    "generalAndAdministrativeExpenses": 93916000,
    "sellingAndMarketingExpenses": 0,
    "sellingGeneralAndAdministrativeExpenses": 93916000,
    "otherExpenses": 103000,
    "operatingExpenses": 93916000,
    "costAndExpenses": 531970000,
    "interestIncome": 1033000,
    "interestExpense": 6165000,
    "depreciationAndAmortization": 40026000,
    "ebitda": 100011000,
    "ebitdaratio": 0.1708694073,
    "operatingIncome": 57229000,
    "operatingIncomeRatio": 0.0966779569,
    "totalOtherIncomeExpensesNet": -6545000,
    "incomeBeforeTax": 50684000,
    "incomeBeforeTaxRatio": 0.0856213732,
    "incomeTaxExpense": 14088000,
    "netIncome": 36440000,
    "netIncomeRatio": 0.0615587333,
    "eps": 0.25,
    "epsdiluted": 0.24,
    "weightedAverageShsOut": 146924000,
    "weightedAverageShsOutDil": 149894000,
    "link": "https://www.sec.gov/Archives/edgar/data/103730/000010373016000107/0000103730-16-000107-index.htm",
    "finalLink": "https://www.sec.gov/Archives/edgar/data/103730/000010373016000107/vishayintertech_10q.htm"
  },
  {
    "date": "2016-07-02",
    "symbol": "VSH",
    "reportedCurrency": "USD",
    "cik": "0000103730",
    "fillingDate": "2016-08-02",
    "acceptedDate": "2016-08-02 16:02:59",
    "calendarYear": "2016",
    "period": "Q2",
    "revenue": 590051000,
    "costOfRevenue": 443923000,
    "grossProfit": 146128000,
    "grossProfitRatio": 0.247653169,
    "researchAndDevelopmentExpenses": 0,
    "generalAndAdministrativeExpenses": 92253000,
    "sellingAndMarketingExpenses": 0,
    "sellingGeneralAndAdministrativeExpenses": 92253000,
    "otherExpenses": -24000,
    "operatingExpenses": 92253000,
    "costAndExpenses": 536176000,
    "interestIncome": 1034000,
    "interestExpense": 6270000,
    "depreciationAndAmortization": 39100000,
    "ebitda": 92975000,
    "ebitdaratio": 0.1592828417,
    "operatingIncome": 49408000,
    "operatingIncomeRatio": 0.0837351348,
    "totalOtherIncomeExpensesNet": -3028000,
    "incomeBeforeTax": 46380000,
    "incomeBeforeTaxRatio": 0.078603375,
    "incomeTaxExpense": 13151000,
    "netIncome": 33086000,
    "netIncomeRatio": 0.0560731191,
    "eps": 0.22,
    "epsdiluted": 0.22,
    "weightedAverageShsOut": 147643000,
    "weightedAverageShsOutDil": 149845000,
    "link": "https://www.sec.gov/Archives/edgar/data/103730/000010373016000094/0000103730-16-000094-index.htm",
    "finalLink": "https://www.sec.gov/Archives/edgar/data/103730/000010373016000094/vishayintertech_10q.htm"
  },
  {
    "date": "2016-04-02",
    "symbol": "VSH",
    "reportedCurrency": "USD",
    "cik": "0000103730",
    "fillingDate": "2016-05-03",
    "acceptedDate": "2016-05-03 16:03:34",
    "calendarYear": "2016",
    "period": "Q1",
    "revenue": 570606000,
    "costOfRevenue": 433297000,
    "grossProfit": 137309000,
    "grossProfitRatio": 0.2406371472,
    "researchAndDevelopmentExpenses": 0,
    "generalAndAdministrativeExpenses": 90286000,
    "sellingAndMarketingExpenses": 0,
    "sellingGeneralAndAdministrativeExpenses": 90286000,
    "otherExpenses": -27000,
    "operatingExpenses": 90286000,
    "costAndExpenses": 523583000,
    "interestIncome": 1133000,
    "interestExpense": 6466000,
    "depreciationAndAmortization": 40017000,
    "ebitda": 87040000,
    "ebitdaratio": 0.1544778709,
    "operatingIncome": 40548000,
    "operatingIncomeRatio": 0.0710612927,
    "totalOtherIncomeExpensesNet": -2076000,
    "incomeBeforeTax": 38472000,
    "incomeBeforeTaxRatio": 0.0674230555,
    "incomeTaxExpense": 10320000,
    "netIncome": 28014000,
    "netIncomeRatio": 0.0490951725,
    "eps": 0.19,
    "epsdiluted": 0.19,
    "weightedAverageShsOut": 147833000,
    "weightedAverageShsOutDil": 150628000,
    "link": "https://www.sec.gov/Archives/edgar/data/103730/000010373016000077/0000103730-16-000077-index.htm",
    "finalLink": "https://www.sec.gov/Archives/edgar/data/103730/000010373016000077/vishayintertech_10q.htm"
  },
  {
    "date": "2015-12-31",
    "symbol": "VSH",
    "reportedCurrency": "USD",
    "cik": "0000103730",
    "fillingDate": "2016-02-17",
    "acceptedDate": "2016-02-17 08:56:30",
    "calendarYear": "2015",
    "period": "Q4",
    "revenue": 555928000,
    "costOfRevenue": 430372000,
    "grossProfit": 125556000,
    "grossProfitRatio": 0.2258493906,
    "researchAndDevelopmentExpenses": 64193000,
    "generalAndAdministrativeExpenses": 85509000,
    "sellingAndMarketingExpenses": 0,
    "sellingGeneralAndAdministrativeExpenses": 85509000,
    "otherExpenses": 116000,
    "operatingExpenses": 85509000,
    "costAndExpenses": 515881000,
    "interestIncome": 1057000,
    "interestExpense": 5911000,
    "depreciationAndAmortization": 41888000,
    "ebitda": 81965000,
    "ebitdaratio": 0.072244967,
    "operatingIncome": 30226000,
    "operatingIncomeRatio": 0.0543703501,
    "totalOtherIncomeExpensesNet": -5795000,
    "incomeBeforeTax": 24431000,
    "incomeBeforeTaxRatio": 0.0439463384,
    "incomeTaxExpense": 162057000,
    "netIncome": -137815000,
    "netIncomeRatio": -0.2479008073,
    "eps": -0.93,
    "epsdiluted": -0.93,
    "weightedAverageShsOut": 147702000,
    "weightedAverageShsOutDil": 147702000,
    "link": "https://www.sec.gov/Archives/edgar/data/103730/000010373016000061/0000103730-16-000061-index.htm",
    "finalLink": "https://www.sec.gov/Archives/edgar/data/103730/000010373016000061/vishayintertech_10k.htm"
  },
  {
    "date": "2015-10-03",
    "symbol": "VSH",
    "reportedCurrency": "USD",
    "cik": "0000103730",
    "fillingDate": "2015-11-03",
    "acceptedDate": "2015-11-03 16:02:28",
    "calendarYear": "2015",
    "period": "Q3",
    "revenue": 560654000,
    "costOfRevenue": 430510000,
    "grossProfit": 130144000,
    "grossProfitRatio": 0.2321289066,
    "researchAndDevelopmentExpenses": 0,
    "generalAndAdministrativeExpenses": 88995000,
    "sellingAndMarketingExpenses": 0,
    "sellingGeneralAndAdministrativeExpenses": 88995000,
    "otherExpenses": 0,
    "operatingExpenses": 88995000,
    "costAndExpenses": 519505000,
    "interestIncome": 1115000,
    "interestExpense": 6677000,
    "depreciationAndAmortization": 44096000,
    "ebitda": 17831000,
    "ebitdaratio": 0.1540343955,
    "operatingIncome": -24155000,
    "operatingIncomeRatio": -0.0430836131,
    "totalOtherIncomeExpensesNet": -8787000,
    "incomeBeforeTax": -32942000,
    "incomeBeforeTaxRatio": -0.0587563809,
    "incomeTaxExpense": -5392000,
    "netIncome": -27666000,
    "netIncomeRatio": -0.0493459424,
    "eps": -0.19,
    "epsdiluted": -0.19,
    "weightedAverageShsOut": 145610526,
    "weightedAverageShsOutDil": 147701000,
    "link": "https://www.sec.gov/Archives/edgar/data/103730/000010373015000046/0000103730-15-000046-index.htm",
    "finalLink": "https://www.sec.gov/Archives/edgar/data/103730/000010373015000046/vishayintertech_10q.htm"
  },
  {
    "date": "2015-07-04",
    "symbol": "VSH",
    "reportedCurrency": "USD",
    "cik": "0000103730",
    "fillingDate": "2015-08-04",
    "acceptedDate": "2015-08-04 16:02:22",
    "calendarYear": "2015",
    "period": "Q2",
    "revenue": 590470000,
    "costOfRevenue": 448988000,
    "grossProfit": 141482000,
    "grossProfitRatio": 0.2396091249,
    "researchAndDevelopmentExpenses": 0,
    "generalAndAdministrativeExpenses": 91652000,
    "sellingAndMarketingExpenses": 0,
    "sellingGeneralAndAdministrativeExpenses": 91652000,
    "otherExpenses": 109000,
    "operatingExpenses": 91652000,
    "costAndExpenses": 540640000,
    "interestIncome": 1028000,
    "interestExpense": 6736000,
    "depreciationAndAmortization": 44775000,
    "ebitda": 94573000,
    "ebitdaratio": 0.1621454096,
    "operatingIncome": 44170000,
    "operatingIncomeRatio": 0.0748048165,
    "totalOtherIncomeExpensesNet": -5576000,
    "incomeBeforeTax": 38594000,
    "incomeBeforeTaxRatio": 0.0653614917,
    "incomeTaxExpense": 12076000,
    "netIncome": 26268000,
    "netIncomeRatio": 0.0444865954,
    "eps": 0.18,
    "epsdiluted": 0.17,
    "weightedAverageShsOut": 147700000,
    "weightedAverageShsOutDil": 151700000,
    "link": "https://www.sec.gov/Archives/edgar/data/103730/000010373015000036/0000103730-15-000036-index.htm",
    "finalLink": "https://www.sec.gov/Archives/edgar/data/103730/000010373015000036/vishayintertech_10q.htm"
  },
  {
    "date": "2015-04-04",
    "symbol": "VSH",
    "reportedCurrency": "USD",
    "cik": "0000103730",
    "fillingDate": "2015-05-05",
    "acceptedDate": "2015-05-05 16:08:48",
    "calendarYear": "2015",
    "period": "Q1",
    "revenue": 593436000,
    "costOfRevenue": 448398000,
    "grossProfit": 145038000,
    "grossProfitRatio": 0.2444037773,
    "researchAndDevelopmentExpenses": 0,
    "generalAndAdministrativeExpenses": 96070000,
    "sellingAndMarketingExpenses": 0,
    "sellingGeneralAndAdministrativeExpenses": 96070000,
    "otherExpenses": 3460000,
    "operatingExpenses": 96070000,
    "costAndExpenses": 544468000,
    "interestIncome": 1197000,
    "interestExpense": 6361000,
    "depreciationAndAmortization": 45410000,
    "ebitda": 94295000,
    "ebitdaratio": 0.1648669781,
    "operatingIncome": 47558000,
    "operatingIncomeRatio": 0.0801400657,
    "totalOtherIncomeExpensesNet": -2901000,
    "incomeBeforeTax": 44657000,
    "incomeBeforeTaxRatio": 0.0752515857,
    "incomeTaxExpense": 13732000,
    "netIncome": 30699000,
    "netIncomeRatio": 0.0517309364,
    "eps": 0.21,
    "epsdiluted": 0.2,
    "weightedAverageShsOut": 147698000,
    "weightedAverageShsOutDil": 152666000,
    "link": "https://www.sec.gov/Archives/edgar/data/103730/000010373015000022/0000103730-15-000022-index.htm",
    "finalLink": "https://www.sec.gov/Archives/edgar/data/103730/000010373015000022/vishayintertech_10q.htm"
  },
  {
    "date": "2014-12-31",
    "symbol": "VSH",
    "reportedCurrency": "USD",
    "cik": "0000103730",
    "fillingDate": "2015-02-19",
    "acceptedDate": "2015-02-19 16:03:00",
    "calendarYear": "2014",
    "period": "Q4",
    "revenue": 610764000,
    "costOfRevenue": 467240000,
    "grossProfit": 143524000,
    "grossProfitRatio": 0.2349909294,
    "researchAndDevelopmentExpenses": 65299000,
    "generalAndAdministrativeExpenses": 98396000,
    "sellingAndMarketingExpenses": 0,
    "sellingGeneralAndAdministrativeExpenses": 98396000,
    "otherExpenses": 1443000,
    "operatingExpenses": 98396000,
    "costAndExpenses": 565636000,
    "interestIncome": 1283000,
    "interestExpense": 6489000,
    "depreciationAndAmortization": 47111000,
    "ebitda": 93082000,
    "ebitdaratio": 0.0762504011,
    "operatingIncome": 43157000,
    "operatingIncomeRatio": 0.0706606807,
    "totalOtherIncomeExpensesNet": -5046000,
    "incomeBeforeTax": 38111000,
    "incomeBeforeTaxRatio": 0.0623988971,
    "incomeTaxExpense": 9041000,
    "netIncome": 29206000,
    "netIncomeRatio": 0.0478187974,
    "eps": 0.2,
    "epsdiluted": 0.19,
    "weightedAverageShsOut": 147572000,
    "weightedAverageShsOutDil": 152440000,
    "link": "https://www.sec.gov/Archives/edgar/data/103730/000010373015000008/0000103730-15-000008-index.htm",
    "finalLink": "https://www.sec.gov/Archives/edgar/data/103730/000010373015000008/vishayintertech_10k.htm"
  },
  {
    "date": "2014-09-27",
    "symbol": "VSH",
    "reportedCurrency": "USD",
    "cik": "0000103730",
    "fillingDate": "2014-10-28",
    "acceptedDate": "2014-10-28 16:02:08",
    "calendarYear": "2014",
    "period": "Q3",
    "revenue": 638211000,
    "costOfRevenue": 479819000,
    "grossProfit": 158392000,
    "grossProfitRatio": 0.2481812441,
    "researchAndDevelopmentExpenses": 0,
    "generalAndAdministrativeExpenses": 93837000,
    "sellingAndMarketingExpenses": 0,
    "sellingGeneralAndAdministrativeExpenses": 93837000,
    "otherExpenses": -1791000,
    "operatingExpenses": 93837000,
    "costAndExpenses": 573656000,
    "interestIncome": 1172000,
    "interestExpense": 6167000,
    "depreciationAndAmortization": 45413000,
    "ebitda": 109968000,
    "ebitdaratio": 0.1713367523,
    "operatingIncome": 45459000,
    "operatingIncomeRatio": 0.0712287942,
    "totalOtherIncomeExpensesNet": -6641000,
    "incomeBeforeTax": 38818000,
    "incomeBeforeTaxRatio": 0.0608231447,
    "incomeTaxExpense": 11841000,
    "netIncome": 26971000,
    "netIncomeRatio": 0.0422603183,
    "eps": 0.18,
    "epsdiluted": 0.17,
    "weightedAverageShsOut": 147569000,
    "weightedAverageShsOutDil": 155546000,
    "link": "https://www.sec.gov/Archives/edgar/data/103730/000010373014000055/0000103730-14-000055-index.htm",
    "finalLink": "https://www.sec.gov/Archives/edgar/data/103730/000010373014000055/vishayintertech_10q.htm"
  },
  {
    "date": "2014-06-28",
    "symbol": "VSH",
    "reportedCurrency": "USD",
    "cik": "0000103730",
    "fillingDate": "2014-07-29",
    "acceptedDate": "2014-07-29 16:02:18",
    "calendarYear": "2014",
    "period": "Q2",
    "revenue": 641929000,
    "costOfRevenue": 477836000,
    "grossProfit": 164093000,
    "grossProfitRatio": 0.2556248432,
    "researchAndDevelopmentExpenses": 0,
    "generalAndAdministrativeExpenses": 97156000,
    "sellingAndMarketingExpenses": 0,
    "sellingGeneralAndAdministrativeExpenses": 97156000,
    "otherExpenses": -52000,
    "operatingExpenses": 97156000,
    "costAndExpenses": 574992000,
    "interestIncome": 1261000,
    "interestExpense": 5821000,
    "depreciationAndAmortization": 43576000,
    "ebitda": 110513000,
    "ebitdaratio": 0.1740410544,
    "operatingIncome": 57923000,
    "operatingIncomeRatio": 0.0902327204,
    "totalOtherIncomeExpensesNet": -5613000,
    "incomeBeforeTax": 52310000,
    "incomeBeforeTaxRatio": 0.0814887628,
    "incomeTaxExpense": 16478000,
    "netIncome": 35642000,
    "netIncomeRatio": 0.0555232744,
    "eps": 0.24,
    "epsdiluted": 0.23,
    "weightedAverageShsOut": 147567000,
    "weightedAverageShsOutDil": 154322000,
    "link": "https://www.sec.gov/Archives/edgar/data/103730/000010373014000043/0000103730-14-000043-index.htm",
    "finalLink": "https://www.sec.gov/Archives/edgar/data/103730/000010373014000043/vishayintertech_10q.htm"
  },
  {
    "date": "2014-03-29",
    "symbol": "VSH",
    "reportedCurrency": "USD",
    "cik": "0000103730",
    "fillingDate": "2014-05-06",
    "acceptedDate": "2014-05-06 16:03:13",
    "calendarYear": "2014",
    "period": "Q1",
    "revenue": 602378000,
    "costOfRevenue": 457095000,
    "grossProfit": 145283000,
    "grossProfitRatio": 0.2411824469,
    "researchAndDevelopmentExpenses": 0,
    "generalAndAdministrativeExpenses": 96307000,
    "sellingAndMarketingExpenses": 0,
    "sellingGeneralAndAdministrativeExpenses": 96307000,
    "otherExpenses": 1312000,
    "operatingExpenses": 96307000,
    "costAndExpenses": 553402000,
    "interestIncome": 1223000,
    "interestExpense": 5980000,
    "depreciationAndAmortization": 43355000,
    "ebitda": 92271000,
    "ebitdaratio": 0.1554555445,
    "operatingIncome": 42572000,
    "operatingIncomeRatio": 0.0706732318,
    "totalOtherIncomeExpensesNet": -4668000,
    "incomeBeforeTax": 37904000,
    "incomeBeforeTaxRatio": 0.0629239448,
    "incomeTaxExpense": 11940000,
    "netIncome": 25810000,
    "netIncomeRatio": 0.0428468503,
    "eps": 0.17,
    "epsdiluted": 0.17,
    "weightedAverageShsOut": 147557000,
    "weightedAverageShsOutDil": 152556000,
    "link": "https://www.sec.gov/Archives/edgar/data/103730/000010373014000021/0000103730-14-000021-index.htm",
    "finalLink": "https://www.sec.gov/Archives/edgar/data/103730/000010373014000021/vishayintertech_10q.htm"
  },
  {
    "date": "2013-12-31",
    "symbol": "VSH",
    "reportedCurrency": "USD",
    "cik": "0000103730",
    "fillingDate": "2014-02-19",
    "acceptedDate": "2014-02-19 06:24:14",
    "calendarYear": "2013",
    "period": "Q4",
    "revenue": 616170000,
    "costOfRevenue": 471721000,
    "grossProfit": 144449000,
    "grossProfitRatio": 0.2344304332,
    "researchAndDevelopmentExpenses": 62090000,
    "generalAndAdministrativeExpenses": 94601000,
    "sellingAndMarketingExpenses": 0,
    "sellingGeneralAndAdministrativeExpenses": 94601000,
    "otherExpenses": 398000,
    "operatingExpenses": 94601000,
    "costAndExpenses": 566322000,
    "interestIncome": 1240000,
    "interestExpense": 6023000,
    "depreciationAndAmortization": 44521000,
    "ebitda": 92403000,
    "ebitdaratio": 0.1538000876,
    "operatingIncome": 47034000,
    "operatingIncomeRatio": 0.0763328302,
    "totalOtherIncomeExpensesNet": -5625000,
    "incomeBeforeTax": 41409000,
    "incomeBeforeTaxRatio": 0.0672038561,
    "incomeTaxExpense": 11135000,
    "netIncome": 30021000,
    "netIncomeRatio": 0.0487219436,
    "eps": 0.2,
    "epsdiluted": 0.2,
    "weightedAverageShsOut": 147289000,
    "weightedAverageShsOutDil": 151156000,
    "link": "https://www.sec.gov/Archives/edgar/data/103730/000010373014000010/0000103730-14-000010-index.htm",
    "finalLink": "https://www.sec.gov/Archives/edgar/data/103730/000010373014000010/vishayintertech_10k.htm"
  },
  {
    "date": "2013-09-28",
    "symbol": "VSH",
    "reportedCurrency": "USD",
    "cik": "0000103730",
    "fillingDate": "2013-10-29",
    "acceptedDate": "2013-10-29 16:02:01",
    "calendarYear": "2013",
    "period": "Q3",
    "revenue": 602890000,
    "costOfRevenue": 459670000,
    "grossProfit": 143220000,
    "grossProfitRatio": 0.237555773,
    "researchAndDevelopmentExpenses": 0,
    "generalAndAdministrativeExpenses": 90067000,
    "sellingAndMarketingExpenses": 0,
    "sellingGeneralAndAdministrativeExpenses": 90067000,
    "otherExpenses": 556000,
    "operatingExpenses": 90067000,
    "costAndExpenses": 549737000,
    "interestIncome": 1019000,
    "interestExpense": 5797000,
    "depreciationAndAmortization": 42155000,
    "ebitda": 95308000,
    "ebitdaratio": 0.0890859029,
    "operatingIncome": 53153000,
    "operatingIncomeRatio": 0.0881636783,
    "totalOtherIncomeExpensesNet": -5241000,
    "incomeBeforeTax": 47912000,
    "incomeBeforeTaxRatio": 0.0794705502,
    "incomeTaxExpense": 15043000,
    "netIncome": 32719000,
    "netIncomeRatio": 0.0542702649,
    "eps": 0.23,
    "epsdiluted": 0.22,
    "weightedAverageShsOut": 144937000,
    "weightedAverageShsOutDil": 151890000,
    "link": "https://www.sec.gov/Archives/edgar/data/103730/000010373013000035/0000103730-13-000035-index.htm",
    "finalLink": "https://www.sec.gov/Archives/edgar/data/103730/000010373013000035/vishayintertech_10q.htm"
  },
  {
    "date": "2013-06-29",
    "symbol": "VSH",
    "reportedCurrency": "USD",
    "cik": "0000103730",
    "fillingDate": "2013-07-30",
    "acceptedDate": "2013-07-30 16:02:39",
    "calendarYear": "2013",
    "period": "Q2",
    "revenue": 597665000,
    "costOfRevenue": 454808000,
    "grossProfit": 142857000,
    "grossProfitRatio": 0.2390252064,
    "researchAndDevelopmentExpenses": 0,
    "generalAndAdministrativeExpenses": 90967000,
    "sellingAndMarketingExpenses": 0,
    "sellingGeneralAndAdministrativeExpenses": 90967000,
    "otherExpenses": 109000,
    "operatingExpenses": 90967000,
    "costAndExpenses": 545775000,
    "interestIncome": 1073000,
    "interestExpense": 5824000,
    "depreciationAndAmortization": 42110000,
    "ebitda": 94784000,
    "ebitdaratio": 0.1592564396,
    "operatingIncome": 51890000,
    "operatingIncomeRatio": 0.0868212126,
    "totalOtherIncomeExpensesNet": -5040000,
    "incomeBeforeTax": 46850000,
    "incomeBeforeTaxRatio": 0.0783883948,
    "incomeTaxExpense": 15365000,
    "netIncome": 31309000,
    "netIncomeRatio": 0.0523855337,
    "eps": 0.22,
    "epsdiluted": 0.21,
    "weightedAverageShsOut": 143710000,
    "weightedAverageShsOutDil": 151880000,
    "link": "https://www.sec.gov/Archives/edgar/data/103730/000010373013000024/0000103730-13-000024-index.htm",
    "finalLink": "https://www.sec.gov/Archives/edgar/data/103730/000010373013000024/vishayintertech_10q.htm"
  },
  {
    "date": "2013-03-30",
    "symbol": "VSH",
    "reportedCurrency": "USD",
    "cik": "0000103730",
    "fillingDate": "2013-04-30",
    "acceptedDate": "2013-04-30 16:01:56",
    "calendarYear": "2013",
    "period": "Q1",
    "revenue": 554254000,
    "costOfRevenue": 417520000,
    "grossProfit": 136734000,
    "grossProfitRatio": 0.2466991668,
    "researchAndDevelopmentExpenses": 0,
    "generalAndAdministrativeExpenses": 91129000,
    "sellingAndMarketingExpenses": 0,
    "sellingGeneralAndAdministrativeExpenses": 91129000,
    "otherExpenses": -2319000,
    "operatingExpenses": 91129000,
    "costAndExpenses": 508649000,
    "interestIncome": 1234000,
    "interestExpense": 5486000,
    "depreciationAndAmortization": 41346000,
    "ebitda": 87066000,
    "ebitdaratio": 0.1549217507,
    "operatingIncome": 45605000,
    "operatingIncomeRatio": 0.0822817697,
    "totalOtherIncomeExpensesNet": -5371000,
    "incomeBeforeTax": 40234000,
    "incomeBeforeTaxRatio": 0.0725912668,
    "incomeTaxExpense": 11093000,
    "netIncome": 28931000,
    "netIncomeRatio": 0.0521980897,
    "eps": 0.2,
    "epsdiluted": 0.19,
    "weightedAverageShsOut": 143591000,
    "weightedAverageShsOutDil": 150632000,
    "link": "https://www.sec.gov/Archives/edgar/data/103730/000010373013000017/0000103730-13-000017-index.htm",
    "finalLink": "https://www.sec.gov/Archives/edgar/data/103730/000010373013000017/vishayintertech_10-q.htm"
  },
  {
    "date": "2012-12-31",
    "symbol": "VSH",
    "reportedCurrency": "USD",
    "cik": "0000103730",
    "fillingDate": "2013-02-20",
    "acceptedDate": "2013-02-20 07:52:50",
    "calendarYear": "2012",
    "period": "Q4",
    "revenue": 530570000,
    "costOfRevenue": 421779000,
    "grossProfit": 108791000,
    "grossProfitRatio": 0.2050455171,
    "researchAndDevelopmentExpenses": 57164000,
    "generalAndAdministrativeExpenses": 87277000,
    "sellingAndMarketingExpenses": 0,
    "sellingGeneralAndAdministrativeExpenses": 87277000,
    "otherExpenses": 0,
    "operatingExpenses": 87277000,
    "costAndExpenses": 509056000,
    "interestIncome": 0,
    "interestExpense": 6339000,
    "depreciationAndAmortization": 43406000,
    "ebitda": 66420000,
    "ebitdaratio": 0.1357294985,
    "operatingIncome": 21514000,
    "operatingIncomeRatio": 0.0405488437,
    "totalOtherIncomeExpensesNet": -4839000,
    "incomeBeforeTax": 16675000,
    "incomeBeforeTaxRatio": 0.0314284637,
    "incomeTaxExpense": -4462000,
    "netIncome": 20975000,
    "netIncomeRatio": 0.0395329551,
    "eps": 0.15,
    "epsdiluted": 0.14,
    "weightedAverageShsOut": 143484000,
    "weightedAverageShsOutDil": 150632000,
    "link": "https://www.sec.gov/Archives/edgar/data/103730/000010373013000009/0000103730-13-000009-index.htm",
    "finalLink": "https://www.sec.gov/Archives/edgar/data/103730/000010373013000009/vishayintertech_10k.htm"
  },
  {
    "date": "2012-09-29",
    "symbol": "VSH",
    "reportedCurrency": "USD",
    "cik": "0000103730",
    "fillingDate": "2012-10-30",
    "acceptedDate": "2012-10-30 10:05:18",
    "calendarYear": "2012",
    "period": "Q3",
    "revenue": 572781000,
    "costOfRevenue": 439227000,
    "grossProfit": 133554000,
    "grossProfitRatio": 0.2331676505,
    "researchAndDevelopmentExpenses": 0,
    "generalAndAdministrativeExpenses": 89095000,
    "sellingAndMarketingExpenses": 0,
    "sellingGeneralAndAdministrativeExpenses": 89095000,
    "otherExpenses": 0,
    "operatingExpenses": 89095000,
    "costAndExpenses": 528322000,
    "interestIncome": 0,
    "interestExpense": 6009000,
    "depreciationAndAmortization": 41311000,
    "ebitda": 88496000,
    "ebitdaratio": 0.1497430955,
    "operatingIncome": 44459000,
    "operatingIncomeRatio": 0.0776195439,
    "totalOtherIncomeExpensesNet": -3283000,
    "incomeBeforeTax": 41176000,
    "incomeBeforeTaxRatio": 0.0718878594,
    "incomeTaxExpense": 18687000,
    "netIncome": 22280000,
    "netIncomeRatio": 0.0388979383,
    "eps": 0.16,
    "epsdiluted": 0.15,
    "weightedAverageShsOut": 143273000,
    "weightedAverageShsOutDil": 150118000,
    "link": "https://www.sec.gov/Archives/edgar/data/103730/000114036112044938/0001140361-12-044938-index.htm",
    "finalLink": "https://www.sec.gov/Archives/edgar/data/103730/000114036112044938/vishayintertech_10-q.htm"
  },
  {
    "date": "2012-06-30",
    "symbol": "VSH",
    "reportedCurrency": "USD",
    "cik": "0000103730",
    "fillingDate": "2012-07-31",
    "acceptedDate": "2012-07-31 16:01:57",
    "calendarYear": "2012",
    "period": "Q2",
    "revenue": 588199000,
    "costOfRevenue": 440580000,
    "grossProfit": 147619000,
    "grossProfitRatio": 0.2509677847,
    "researchAndDevelopmentExpenses": 0,
    "generalAndAdministrativeExpenses": 86889000,
    "sellingAndMarketingExpenses": 0,
    "sellingGeneralAndAdministrativeExpenses": 86889000,
    "otherExpenses": 0,
    "operatingExpenses": 86889000,
    "costAndExpenses": 527469000,
    "interestIncome": 1798000,
    "interestExpense": 5539000,
    "depreciationAndAmortization": 41845000,
    "ebitda": 112634000,
    "ebitdaratio": 0.1743882598,
    "operatingIncome": 72883000,
    "operatingIncomeRatio": 0.1239087452,
    "totalOtherIncomeExpensesNet": -7633000,
    "incomeBeforeTax": 65250000,
    "incomeBeforeTaxRatio": 0.1109318445,
    "incomeTaxExpense": 19420000,
    "netIncome": 45671000,
    "netIncomeRatio": 0.0776454907,
    "eps": 0.3,
    "epsdiluted": 0.29,
    "weightedAverageShsOut": 152462000,
    "weightedAverageShsOutDil": 159249000,
    "link": "https://www.sec.gov/Archives/edgar/data/103730/000010373012000045/0000103730-12-000045-index.htm",
    "finalLink": "https://www.sec.gov/Archives/edgar/data/103730/000010373012000045/vishayintertech_10-q.htm"
  },
  {
    "date": "2012-03-31",
    "symbol": "VSH",
    "reportedCurrency": "USD",
    "cik": "0000103730",
    "fillingDate": "2012-05-02",
    "acceptedDate": "2012-05-02 16:01:56",
    "calendarYear": "2012",
    "period": "Q1",
    "revenue": 538547000,
    "costOfRevenue": 401838000,
    "grossProfit": 136709000,
    "grossProfitRatio": 0.2538478536,
    "researchAndDevelopmentExpenses": 0,
    "generalAndAdministrativeExpenses": 0,
    "sellingAndMarketingExpenses": 0,
    "sellingGeneralAndAdministrativeExpenses": 86364000,
    "otherExpenses": 0,
    "operatingExpenses": 86364000,
    "costAndExpenses": 488202000,
    "interestIncome": 2543000,
    "interestExpense": 4717000,
    "depreciationAndAmortization": 41993000,
    "ebitda": 93646000,
    "ebitdaratio": 0.1714576444,
    "operatingIncome": 50345000,
    "operatingIncomeRatio": 0.0934830201,
    "totalOtherIncomeExpensesNet": -3409000,
    "incomeBeforeTax": 46936000,
    "incomeBeforeTaxRatio": 0.0871530247,
    "incomeTaxExpense": 12861000,
    "netIncome": 33812000,
    "netIncomeRatio": 0.0627837496,
    "eps": 0.22,
    "epsdiluted": 0.21,
    "weightedAverageShsOut": 157199000,
    "weightedAverageShsOutDil": 163944000,
    "link": "https://www.sec.gov/Archives/edgar/data/103730/000010373012000020/0000103730-12-000020-index.htm",
    "finalLink": "https://www.sec.gov/Archives/edgar/data/103730/000010373012000020/vishayintertech_10-q.htm"
  },
  {
    "date": "2011-12-31",
    "symbol": "VSH",
    "reportedCurrency": "USD",
    "cik": "0000103730",
    "fillingDate": "2012-02-23",
    "acceptedDate": "2012-02-23 17:11:10",
    "calendarYear": "2011",
    "period": "Q4",
    "revenue": 551391000,
    "costOfRevenue": 425735000,
    "grossProfit": 125656000,
    "grossProfitRatio": 0.2278891023,
    "researchAndDevelopmentExpenses": 0,
    "generalAndAdministrativeExpenses": 188829000,
    "sellingAndMarketingExpenses": -96738000,
    "sellingGeneralAndAdministrativeExpenses": 92091000,
    "otherExpenses": 0,
    "operatingExpenses": 92091000,
    "costAndExpenses": 517826000,
    "interestIncome": 0,
    "interestExpense": 5288000,
    "depreciationAndAmortization": 43300000,
    "ebitda": 79402000,
    "ebitdaratio": 0.1394019852,
    "operatingIncome": 33565000,
    "operatingIncomeRatio": 0.0608733186,
    "totalOtherIncomeExpensesNet": -2751000,
    "incomeBeforeTax": 30814000,
    "incomeBeforeTaxRatio": 0.0558841185,
    "incomeTaxExpense": -388000,
    "netIncome": 30952000,
    "netIncomeRatio": 0.0561343946,
    "eps": 0.2,
    "epsdiluted": 0.19,
    "weightedAverageShsOut": 157199000,
    "weightedAverageShsOutDil": 163944000,
    "link": "https://www.sec.gov/Archives/edgar/data/103730/000010373012000011/0000103730-12-000011-index.htm",
    "finalLink": "https://www.sec.gov/Archives/edgar/data/103730/000010373012000011/vishayintertech_10k.htm"
  },
  {
    "date": "2011-10-01",
    "symbol": "VSH",
    "reportedCurrency": "USD",
    "cik": "0000103730",
    "fillingDate": "2011-11-01",
    "acceptedDate": "2011-11-01 16:02:08",
    "calendarYear": "2011",
    "period": "Q3",
    "revenue": 637649000,
    "costOfRevenue": 470172000,
    "grossProfit": 167477000,
    "grossProfitRatio": 0.2626476322,
    "researchAndDevelopmentExpenses": 0,
    "generalAndAdministrativeExpenses": 92144000,
    "sellingAndMarketingExpenses": 0,
    "sellingGeneralAndAdministrativeExpenses": 92144000,
    "otherExpenses": 0,
    "operatingExpenses": 92144000,
    "costAndExpenses": 562316000,
    "interestIncome": 0,
    "interestExpense": 5311000,
    "depreciationAndAmortization": 44894000,
    "ebitda": 121627000,
    "ebitdaratio": 0.1885473042,
    "operatingIncome": 75333000,
    "operatingIncomeRatio": 0.118141799,
    "totalOtherIncomeExpensesNet": -3521000,
    "incomeBeforeTax": 71812000,
    "incomeBeforeTaxRatio": 0.1126199524,
    "incomeTaxExpense": 21120000,
    "netIncome": 50487000,
    "netIncomeRatio": 0.0791767885,
    "eps": 0.32,
    "epsdiluted": 0.31,
    "weightedAverageShsOut": 157149000,
    "weightedAverageShsOutDil": 163808000,
    "link": "https://www.sec.gov/Archives/edgar/data/103730/000010373011000005/0000103730-11-000005-index.htm",
    "finalLink": "https://www.sec.gov/Archives/edgar/data/103730/000010373011000005/vishayintertech_10q.htm"
  },
  {
    "date": "2011-07-02",
    "symbol": "VSH",
    "reportedCurrency": "USD",
    "cik": "0000103730",
    "fillingDate": "2011-08-02",
    "acceptedDate": "2011-08-02 16:05:50",
    "calendarYear": "2011",
    "period": "Q2",
    "revenue": 709838000,
    "costOfRevenue": 497648000,
    "grossProfit": 212190000,
    "grossProfitRatio": 0.2989273609,
    "researchAndDevelopmentExpenses": 0,
    "generalAndAdministrativeExpenses": 96685000,
    "sellingAndMarketingExpenses": 0,
    "sellingGeneralAndAdministrativeExpenses": 96685000,
    "otherExpenses": 0,
    "operatingExpenses": 96685000,
    "costAndExpenses": 594333000,
    "interestIncome": 0,
    "interestExpense": 4624000,
    "depreciationAndAmortization": 46111000,
    "ebitda": 161215000,
    "ebitdaratio": 0.2276801186,
    "operatingIncome": 115505000,
    "operatingIncomeRatio": 0.1627202263,
    "totalOtherIncomeExpensesNet": -4652000,
    "incomeBeforeTax": 110853000,
    "incomeBeforeTaxRatio": 0.1561666183,
    "incomeTaxExpense": 28357000,
    "netIncome": 82095000,
    "netIncomeRatio": 0.115653149,
    "eps": 0.51,
    "epsdiluted": 0.48,
    "weightedAverageShsOut": 160801000,
    "weightedAverageShsOutDil": 170645000,
    "link": "https://www.sec.gov/Archives/edgar/data/103730/000120677411001711/0001206774-11-001711-index.htm",
    "finalLink": "https://www.sec.gov/Archives/edgar/data/103730/000120677411001711/vishayintertech_10q.htm"
  },
  {
    "date": "2011-04-02",
    "symbol": "VSH",
    "reportedCurrency": "USD",
    "cik": "0000103730",
    "fillingDate": "2011-05-03",
    "acceptedDate": "2011-05-03 16:00:42",
    "calendarYear": "2011",
    "period": "Q1",
    "revenue": 695151000,
    "costOfRevenue": 480488000,
    "grossProfit": 214663000,
    "grossProfitRatio": 0.308800534,
    "researchAndDevelopmentExpenses": 0,
    "generalAndAdministrativeExpenses": 0,
    "sellingAndMarketingExpenses": 0,
    "sellingGeneralAndAdministrativeExpenses": 92465000,
    "otherExpenses": 0,
    "operatingExpenses": 92465000,
    "costAndExpenses": 572953000,
    "interestIncome": 0,
    "interestExpense": 4054000,
    "depreciationAndAmortization": 45401000,
    "ebitda": 166724000,
    "ebitdaratio": 0.241097258,
    "operatingIncome": 122198000,
    "operatingIncomeRatio": 0.175786268,
    "totalOtherIncomeExpensesNet": -4561000,
    "incomeBeforeTax": 117637000,
    "incomeBeforeTaxRatio": 0.1692251036,
    "incomeTaxExpense": 42030000,
    "netIncome": 75287000,
    "netIncomeRatio": 0.1083030881,
    "eps": 0.46,
    "epsdiluted": 0.43,
    "weightedAverageShsOut": 165186000,
    "weightedAverageShsOutDil": 175661000,
    "link": "https://www.sec.gov/Archives/edgar/data/103730/000120677411001117/0001206774-11-001117-index.htm",
    "finalLink": "https://www.sec.gov/Archives/edgar/data/103730/000120677411001117/vishayintertech_10q.htm"
  },
  {
    "date": "2010-12-31",
    "symbol": "VSH",
    "reportedCurrency": "USD",
    "cik": "0000103730",
    "fillingDate": "2011-02-25",
    "acceptedDate": "2011-02-25 07:10:46",
    "calendarYear": "2010",
    "period": "Q4",
    "revenue": 688612000,
    "costOfRevenue": 477111000,
    "grossProfit": 211501000,
    "grossProfitRatio": 0.3071410315,
    "researchAndDevelopmentExpenses": 0,
    "generalAndAdministrativeExpenses": 218532000,
    "sellingAndMarketingExpenses": 21791000,
    "sellingGeneralAndAdministrativeExpenses": 90918000,
    "otherExpenses": 0,
    "operatingExpenses": 90918000,
    "costAndExpenses": 568029000,
    "interestIncome": 0,
    "interestExpense": 3657000,
    "depreciationAndAmortization": 46934000,
    "ebitda": 164864000,
    "ebitdaratio": 0.2432676166,
    "operatingIncome": 120583000,
    "operatingIncomeRatio": 0.1751102217,
    "totalOtherIncomeExpensesNet": -6310000,
    "incomeBeforeTax": 114273000,
    "incomeBeforeTaxRatio": 0.1659468612,
    "incomeTaxExpense": -33264000,
    "netIncome": 147228000,
    "netIncomeRatio": 0.2138039999,
    "eps": 0.89,
    "epsdiluted": 0.84,
    "weightedAverageShsOut": 165186000,
    "weightedAverageShsOutDil": 175661000,
    "link": "https://www.sec.gov/Archives/edgar/data/103730/000120677411000309/0001206774-11-000309-index.htm",
    "finalLink": "https://www.sec.gov/Archives/edgar/data/103730/000120677411000309/vishay_10k.htm"
  },
  {
    "date": "2010-10-02",
    "symbol": "VSH",
    "reportedCurrency": "USD",
    "cik": "0000103730",
    "fillingDate": "2010-11-09",
    "acceptedDate": "2010-11-09 16:48:57",
    "calendarYear": "2010",
    "period": "Q3",
    "revenue": 694365000,
    "costOfRevenue": 475987000,
    "grossProfit": 218378000,
    "grossProfitRatio": 0.3145002988,
    "researchAndDevelopmentExpenses": 0,
    "generalAndAdministrativeExpenses": 109266000,
    "sellingAndMarketingExpenses": -21791000,
    "sellingGeneralAndAdministrativeExpenses": 87475000,
    "otherExpenses": 0,
    "operatingExpenses": 87475000,
    "costAndExpenses": 563462000,
    "interestIncome": 0,
    "interestExpense": 2545000,
    "depreciationAndAmortization": 44527000,
    "ebitda": 170714000,
    "ebitdaratio": 0.2526481029,
    "operatingIncome": 130903000,
    "operatingIncomeRatio": 0.1885218869,
    "totalOtherIncomeExpensesNet": -7261000,
    "incomeBeforeTax": 123642000,
    "incomeBeforeTaxRatio": 0.1780648506,
    "incomeTaxExpense": 33490000,
    "netIncome": 89799000,
    "netIncomeRatio": 0.1293253548,
    "eps": 0.48,
    "epsdiluted": 0.47,
    "weightedAverageShsOut": 186648000,
    "weightedAverageShsOutDil": 193062000,
    "link": "https://www.sec.gov/Archives/edgar/data/103730/000120677410002341/0001206774-10-002341-index.htm",
    "finalLink": "https://www.sec.gov/Archives/edgar/data/103730/000120677410002341/vishay_10q.htm"
  },
  {
    "date": "2010-07-03",
    "symbol": "VSH",
    "reportedCurrency": "USD",
    "cik": "0000103730",
    "fillingDate": "2010-08-10",
    "acceptedDate": "2010-08-10 15:55:04",
    "calendarYear": "2010",
    "period": "Q2",
    "revenue": 701655000,
    "costOfRevenue": 491062000,
    "grossProfit": 210593000,
    "grossProfitRatio": 0.300137532,
    "researchAndDevelopmentExpenses": 0,
    "generalAndAdministrativeExpenses": 109266000,
    "sellingAndMarketingExpenses": 0,
    "sellingGeneralAndAdministrativeExpenses": 109266000,
    "otherExpenses": 0,
    "operatingExpenses": 109266000,
    "costAndExpenses": 600328000,
    "interestIncome": 0,
    "interestExpense": 2400000,
    "depreciationAndAmortization": 48817000,
    "ebitda": 156100000,
    "ebitdaratio": 0.2139855057,
    "operatingIncome": 101327000,
    "operatingIncomeRatio": 0.1444114273,
    "totalOtherIncomeExpensesNet": 3556000,
    "incomeBeforeTax": 104883000,
    "incomeBeforeTaxRatio": 0.149479445,
    "incomeTaxExpense": 27918000,
    "netIncome": 76659000,
    "netIncomeRatio": 0.1092545482,
    "eps": 0.41,
    "epsdiluted": 0.4,
    "weightedAverageShsOut": 186667000,
    "weightedAverageShsOutDil": 193084000,
    "link": "https://www.sec.gov/Archives/edgar/data/103730/000120677410001828/0001206774-10-001828-index.htm",
    "finalLink": "https://www.sec.gov/Archives/edgar/data/103730/000120677410001828/vishayintertech_10q.htm"
  },
  {
    "date": "2010-04-03",
    "symbol": "VSH",
    "reportedCurrency": "USD",
    "cik": "0000103730",
    "fillingDate": "2010-05-11",
    "acceptedDate": "2010-05-11 06:00:43",
    "calendarYear": "2010",
    "period": "Q1",
    "revenue": 640460000,
    "costOfRevenue": 473447000,
    "grossProfit": 167013000,
    "grossProfitRatio": 0.2607703838,
    "researchAndDevelopmentExpenses": 0,
    "generalAndAdministrativeExpenses": 0,
    "sellingAndMarketingExpenses": 0,
    "sellingGeneralAndAdministrativeExpenses": 101888000,
    "otherExpenses": 0,
    "operatingExpenses": 101888000,
    "costAndExpenses": 575335000,
    "interestIncome": 0,
    "interestExpense": 2434000,
    "depreciationAndAmortization": 50445000,
    "ebitda": 115614000,
    "ebitdaratio": 0.1804484277,
    "operatingIncome": 65125000,
    "operatingIncomeRatio": 0.1016847266,
    "totalOtherIncomeExpensesNet": -2390000,
    "incomeBeforeTax": 62735000,
    "incomeBeforeTaxRatio": 0.0979530338,
    "incomeTaxExpense": 17096000,
    "netIncome": 45420000,
    "netIncomeRatio": 0.0709177778,
    "eps": 0.24,
    "epsdiluted": 0.24,
    "weightedAverageShsOut": 186641000,
    "weightedAverageShsOutDil": 193067000,
    "link": "https://www.sec.gov/Archives/edgar/data/103730/000120677410001254/0001206774-10-001254-index.htm",
    "finalLink": "https://www.sec.gov/Archives/edgar/data/103730/000120677410001254/vishay_10-q.htm"
  },
  {
    "date": "2009-12-31",
    "symbol": "VSH",
    "reportedCurrency": "USD",
    "cik": "0000103730",
    "fillingDate": "2010-02-26",
    "acceptedDate": "2010-02-26 06:01:06",
    "calendarYear": "2009",
    "period": "Q4",
    "revenue": 606960000,
    "costOfRevenue": 469964000,
    "grossProfit": 136996000,
    "grossProfitRatio": 0.2257084487,
    "researchAndDevelopmentExpenses": 0,
    "generalAndAdministrativeExpenses": 98289000,
    "sellingAndMarketingExpenses": 0,
    "sellingGeneralAndAdministrativeExpenses": 98289000,
    "otherExpenses": -28195000,
    "operatingExpenses": 70094000,
    "costAndExpenses": 540058000,
    "interestIncome": 0,
    "interestExpense": 2044000,
    "depreciationAndAmortization": 60065000,
    "ebitda": 96809000,
    "ebitdaratio": 0.2091851193,
    "operatingIncome": 34653000,
    "operatingIncomeRatio": 0.0570927244,
    "totalOtherIncomeExpensesNet": 2875000,
    "incomeBeforeTax": 34700000,
    "incomeBeforeTaxRatio": 0.0571701595,
    "incomeTaxExpense": 5961000,
    "netIncome": 28481000,
    "netIncomeRatio": 0.0469240148,
    "eps": 0.15,
    "epsdiluted": 0.15,
    "weightedAverageShsOut": 186641000,
    "weightedAverageShsOutDil": 193067000,
    "link": "https://www.sec.gov/Archives/edgar/data/103730/000120677410000366/0001206774-10-000366-index.htm",
    "finalLink": "https://www.sec.gov/Archives/edgar/data/103730/000120677410000366/vishay_10k.htm"
  }
]