[
  {
    "date": "2024-06-30",
    "symbol": "TOELY",
    "reportedCurrency": "JPY",
    "cik": "0000000000",
    "fillingDate": "2024-06-30",
    "acceptedDate": "2024-06-28 20:00:00",
    "calendarYear": "2025",
    "period": "Q1",
    "revenue": 555071000000,
    "costOfRevenue": 291049000000,
    "grossProfit": 264022000000,
    "grossProfitRatio": 0.4756544658,
    "researchAndDevelopmentExpenses": 53436000000,
    "generalAndAdministrativeExpenses": 0,
    "sellingAndMarketingExpenses": 0,
    "sellingGeneralAndAdministrativeExpenses": 44852000000,
    "otherExpenses": 1000000,
    "operatingExpenses": 98289000000,
    "costAndExpenses": 389338000000,
    "interestIncome": 0,
    "interestExpense": 0,
    "depreciationAndAmortization": 13203000000,
    "ebitda": 178937000000,
    "ebitdaratio": 0.3223677692,
    "operatingIncome": 165733000000,
    "operatingIncomeRatio": 0.2985798213,
    "totalOtherIncomeExpensesNet": 1515000000,
    "incomeBeforeTax": 167248000000,
    "incomeBeforeTaxRatio": 0.3013092019,
    "incomeTaxExpense": 41059000000,
    "netIncome": 126189000000,
    "netIncomeRatio": 0.2273384846,
    "eps": 272.39,
    "epsdiluted": 272.39,
    "weightedAverageShsOut": 463265905,
    "weightedAverageShsOutDil": 463265905,
    "link": null,
    "finalLink": null
  },
  {
    "date": "2024-03-31",
    "symbol": "TOELY",
    "reportedCurrency": "JPY",
    "cik": "0000000000",
    "fillingDate": "2024-03-31",
    "acceptedDate": "2024-03-29 20:00:00",
    "calendarYear": "2024",
    "period": "Q4",
    "revenue": 547293000000,
    "costOfRevenue": 291177000000,
    "grossProfit": 256116000000,
    "grossProfitRatio": 0.4679687115,
    "researchAndDevelopmentExpenses": 58405000000,
    "generalAndAdministrativeExpenses": 0,
    "sellingAndMarketingExpenses": 0,
    "sellingGeneralAndAdministrativeExpenses": 52486000000,
    "otherExpenses": -222000000,
    "operatingExpenses": 110891000000,
    "costAndExpenses": 402068000000,
    "interestIncome": 0,
    "interestExpense": 0,
    "depreciationAndAmortization": 15368000000,
    "ebitda": 160593000000,
    "ebitdaratio": 0.2934314892,
    "operatingIncome": 145225000000,
    "operatingIncomeRatio": 0.2653514662,
    "totalOtherIncomeExpensesNet": 12635000000,
    "incomeBeforeTax": 157860000000,
    "incomeBeforeTaxRatio": 0.2884378203,
    "incomeTaxExpense": 32920000000,
    "netIncome": 124939000000,
    "netIncomeRatio": 0.2282853974,
    "eps": 269.89,
    "epsdiluted": 268.74,
    "weightedAverageShsOut": 462925636,
    "weightedAverageShsOutDil": 464910498,
    "link": null,
    "finalLink": null
  },
  {
    "date": "2023-12-31",
    "symbol": "TOELY",
    "reportedCurrency": "JPY",
    "cik": "0000000000",
    "fillingDate": "2023-12-31",
    "acceptedDate": "2023-12-30 19:00:00",
    "calendarYear": "2024",
    "period": "Q3",
    "revenue": 463662000000,
    "costOfRevenue": 241549000000,
    "grossProfit": 222113000000,
    "grossProfitRatio": 0.4790407668,
    "researchAndDevelopmentExpenses": 49790000000,
    "generalAndAdministrativeExpenses": 0,
    "sellingAndMarketingExpenses": 0,
    "sellingGeneralAndAdministrativeExpenses": 39863000000,
    "otherExpenses": 1688000000,
    "operatingExpenses": 89653000000,
    "costAndExpenses": 331202000000,
    "interestIncome": 0,
    "interestExpense": 0,
    "depreciationAndAmortization": 13823000000,
    "ebitda": 146283000000,
    "ebitdaratio": 0.3154949079,
    "operatingIncome": 132460000000,
    "operatingIncomeRatio": 0.2856822427,
    "totalOtherIncomeExpensesNet": 1983000000,
    "incomeBeforeTax": 134443000000,
    "incomeBeforeTaxRatio": 0.289959065,
    "incomeTaxExpense": 32911000000,
    "netIncome": 101533000000,
    "netIncomeRatio": 0.2189806368,
    "eps": 219.35,
    "epsdiluted": 219.35,
    "weightedAverageShsOut": 462881240,
    "weightedAverageShsOutDil": 462881240,
    "link": null,
    "finalLink": null
  },
  {
    "date": "2023-09-30",
    "symbol": "TOELY",
    "reportedCurrency": "JPY",
    "cik": "0000000000",
    "fillingDate": "2023-09-30",
    "acceptedDate": "2023-09-29 20:00:00",
    "calendarYear": "2024",
    "period": "Q2",
    "revenue": 427826000000,
    "costOfRevenue": 238099000000,
    "grossProfit": 189727000000,
    "grossProfitRatio": 0.4434676714,
    "researchAndDevelopmentExpenses": 51039000000,
    "generalAndAdministrativeExpenses": 0,
    "sellingAndMarketingExpenses": 0,
    "sellingGeneralAndAdministrativeExpenses": 42543000000,
    "otherExpenses": 2446000000,
    "operatingExpenses": 93582000000,
    "costAndExpenses": 331681000000,
    "interestIncome": 1126000000,
    "interestExpense": 0,
    "depreciationAndAmortization": 12599000000,
    "ebitda": 108744000000,
    "ebitdaratio": 0.2541781004,
    "operatingIncome": 96145000000,
    "operatingIncomeRatio": 0.2247292123,
    "totalOtherIncomeExpensesNet": 1977000000,
    "incomeBeforeTax": 98122000000,
    "incomeBeforeTaxRatio": 0.2293502499,
    "incomeTaxExpense": 24943000000,
    "netIncome": 73179000000,
    "netIncomeRatio": 0.1710485104,
    "eps": 157.75,
    "epsdiluted": 157.13,
    "weightedAverageShsOut": 463892234,
    "weightedAverageShsOutDil": 464133995,
    "link": null,
    "finalLink": null
  },
  {
    "date": "2023-06-30",
    "symbol": "TOELY",
    "reportedCurrency": "JPY",
    "cik": "0000000000",
    "fillingDate": "2023-06-30",
    "acceptedDate": "2023-06-29 20:00:00",
    "calendarYear": "2024",
    "period": "Q1",
    "revenue": 391746000000,
    "costOfRevenue": 229432000000,
    "grossProfit": 162314000000,
    "grossProfitRatio": 0.4143347986,
    "researchAndDevelopmentExpenses": 43639000000,
    "generalAndAdministrativeExpenses": 0,
    "sellingAndMarketingExpenses": 0,
    "sellingGeneralAndAdministrativeExpenses": 36241000000,
    "otherExpenses": 1202000000,
    "operatingExpenses": 79880000000,
    "costAndExpenses": 309312000000,
    "interestIncome": 1126000000,
    "interestExpense": 0,
    "depreciationAndAmortization": 10622000000,
    "ebitda": 93056000000,
    "ebitdaratio": 0.2375416724,
    "operatingIncome": 82434000000,
    "operatingIncomeRatio": 0.2104271645,
    "totalOtherIncomeExpensesNet": 580000000,
    "incomeBeforeTax": 83014000000,
    "incomeBeforeTaxRatio": 0.2119077157,
    "incomeTaxExpense": 18701000000,
    "netIncome": 64312000000,
    "netIncomeRatio": 0.1641675984,
    "eps": 137.46,
    "epsdiluted": 136.99,
    "weightedAverageShsOut": 467872000,
    "weightedAverageShsOutDil": 469478000,
    "link": null,
    "finalLink": null
  },
  {
    "date": "2023-03-31",
    "symbol": "TOELY",
    "reportedCurrency": "JPY",
    "cik": "0000000000",
    "fillingDate": "2023-03-31",
    "acceptedDate": "2023-03-30 20:00:00",
    "calendarYear": "2023",
    "period": "Q4",
    "revenue": 558296000000,
    "costOfRevenue": 306607000000,
    "grossProfit": 251689000000,
    "grossProfitRatio": 0.4508164128,
    "researchAndDevelopmentExpenses": 53769000000,
    "generalAndAdministrativeExpenses": 0,
    "sellingAndMarketingExpenses": 0,
    "sellingGeneralAndAdministrativeExpenses": 45134000000,
    "otherExpenses": -597000000,
    "operatingExpenses": 98903000000,
    "costAndExpenses": 405510000000,
    "interestIncome": 2435000000,
    "interestExpense": 0,
    "depreciationAndAmortization": 12064000000,
    "ebitda": 164850000000,
    "ebitdaratio": 0.295273475,
    "operatingIncome": 152786000000,
    "operatingIncomeRatio": 0.2736648659,
    "totalOtherIncomeExpensesNet": 2852000000,
    "incomeBeforeTax": 155638000000,
    "incomeBeforeTaxRatio": 0.2787732672,
    "incomeTaxExpense": 36975000000,
    "netIncome": 118664000000,
    "netIncomeRatio": 0.2125467494,
    "eps": 253.38,
    "epsdiluted": 252.52,
    "weightedAverageShsOut": 468324256,
    "weightedAverageShsOutDil": 469916370,
    "link": null,
    "finalLink": null
  },
  {
    "date": "2022-12-31",
    "symbol": "TOELY",
    "reportedCurrency": "JPY",
    "cik": "0000000000",
    "fillingDate": "2022-12-31",
    "acceptedDate": "2022-12-30 19:00:00",
    "calendarYear": "2023",
    "period": "Q3",
    "revenue": 467832000000,
    "costOfRevenue": 263929000000,
    "grossProfit": 203903000000,
    "grossProfitRatio": 0.4358466287,
    "researchAndDevelopmentExpenses": 46114000000,
    "generalAndAdministrativeExpenses": 0,
    "sellingAndMarketingExpenses": 0,
    "sellingGeneralAndAdministrativeExpenses": 43016000000,
    "otherExpenses": 1975000000,
    "operatingExpenses": 89130000000,
    "costAndExpenses": 353059000000,
    "interestIncome": 1152000000,
    "interestExpense": 0,
    "depreciationAndAmortization": 11302000000,
    "ebitda": 126075000000,
    "ebitdaratio": 0.2694877648,
    "operatingIncome": 114773000000,
    "operatingIncomeRatio": 0.24532952,
    "totalOtherIncomeExpensesNet": 1529000000,
    "incomeBeforeTax": 116302000000,
    "incomeBeforeTaxRatio": 0.2485977872,
    "incomeTaxExpense": 30727000000,
    "netIncome": 85574000000,
    "netIncomeRatio": 0.1829160895,
    "eps": 182.77,
    "epsdiluted": 182.06,
    "weightedAverageShsOut": 468206410,
    "weightedAverageShsOutDil": 470029029,
    "link": null,
    "finalLink": null
  },
  {
    "date": "2022-09-30",
    "symbol": "TOELY",
    "reportedCurrency": "JPY",
    "cik": "0000000000",
    "fillingDate": "2022-09-30",
    "acceptedDate": "2022-09-29 20:00:00",
    "calendarYear": "2023",
    "period": "Q2",
    "revenue": 709243000000,
    "costOfRevenue": 380955000000,
    "grossProfit": 328288000000,
    "grossProfitRatio": 0.4628709765,
    "researchAndDevelopmentExpenses": 49191000000,
    "generalAndAdministrativeExpenses": 0,
    "sellingAndMarketingExpenses": 0,
    "sellingGeneralAndAdministrativeExpenses": 46451000000,
    "otherExpenses": 0,
    "operatingExpenses": 95642000000,
    "costAndExpenses": 476597000000,
    "interestIncome": 83000000,
    "interestExpense": 0,
    "depreciationAndAmortization": 9952000000,
    "ebitda": 242598000000,
    "ebitdaratio": 0.3420520188,
    "operatingIncome": 232646000000,
    "operatingIncomeRatio": 0.3280201567,
    "totalOtherIncomeExpensesNet": 2628000000,
    "incomeBeforeTax": 235274000000,
    "incomeBeforeTaxRatio": 0.3317255158,
    "incomeTaxExpense": 56023000000,
    "netIncome": 179251000000,
    "netIncomeRatio": 0.2527356632,
    "eps": 383.09,
    "epsdiluted": 381.62,
    "weightedAverageShsOut": 467904721,
    "weightedAverageShsOutDil": 469711935,
    "link": null,
    "finalLink": null
  },
  {
    "date": "2022-06-30",
    "symbol": "TOELY",
    "reportedCurrency": "JPY",
    "cik": "0000000000",
    "fillingDate": "2022-06-30",
    "acceptedDate": "2022-06-29 20:00:00",
    "calendarYear": "2023",
    "period": "Q1",
    "revenue": 473654000000,
    "costOfRevenue": 273126000000,
    "grossProfit": 200528000000,
    "grossProfitRatio": 0.4233638901,
    "researchAndDevelopmentExpenses": 42122000000,
    "generalAndAdministrativeExpenses": 0,
    "sellingAndMarketingExpenses": 0,
    "sellingGeneralAndAdministrativeExpenses": 40887000000,
    "otherExpenses": 0,
    "operatingExpenses": 83009000000,
    "costAndExpenses": 356135000000,
    "interestIncome": 1069000000,
    "interestExpense": 0,
    "depreciationAndAmortization": 9777000000,
    "ebitda": 127296000000,
    "ebitdaratio": 0.2687531405,
    "operatingIncome": 117519000000,
    "operatingIncomeRatio": 0.2481114907,
    "totalOtherIncomeExpensesNet": 123000000,
    "incomeBeforeTax": 117642000000,
    "incomeBeforeTaxRatio": 0.2483711739,
    "incomeTaxExpense": 29547000000,
    "netIncome": 88095000000,
    "netIncomeRatio": 0.1859901954,
    "eps": 188.53,
    "epsdiluted": 187.66,
    "weightedAverageShsOut": 467268467,
    "weightedAverageShsOutDil": 469434469,
    "link": null,
    "finalLink": null
  },
  {
    "date": "2022-03-31",
    "symbol": "TOELY",
    "reportedCurrency": "JPY",
    "cik": "0000000000",
    "fillingDate": "2022-03-31",
    "acceptedDate": "2022-03-30 20:00:00",
    "calendarYear": "2022",
    "period": "Q4",
    "revenue": 564817000000,
    "costOfRevenue": 308875000000,
    "grossProfit": 255942000000,
    "grossProfitRatio": 0.45314146,
    "researchAndDevelopmentExpenses": 44160000000,
    "generalAndAdministrativeExpenses": 0,
    "sellingAndMarketingExpenses": 0,
    "sellingGeneralAndAdministrativeExpenses": 43203000000,
    "otherExpenses": 0,
    "operatingExpenses": 87363000000,
    "costAndExpenses": 396238000000,
    "interestIncome": 1575000000,
    "interestExpense": 0,
    "depreciationAndAmortization": 10326000000,
    "ebitda": 178905000000,
    "ebitdaratio": 0.3167486106,
    "operatingIncome": 168579000000,
    "operatingIncomeRatio": 0.298466583,
    "totalOtherIncomeExpensesNet": -449000000,
    "incomeBeforeTax": 168130000000,
    "incomeBeforeTaxRatio": 0.2976716352,
    "incomeTaxExpense": 41300000000,
    "netIncome": 126830000000,
    "netIncomeRatio": 0.2245506067,
    "eps": 271.46,
    "epsdiluted": 270.23,
    "weightedAverageShsOut": 467209052,
    "weightedAverageShsOutDil": 469346825,
    "link": null,
    "finalLink": null
  },
  {
    "date": "2021-12-31",
    "symbol": "TOELY",
    "reportedCurrency": "JPY",
    "cik": "0000000000",
    "fillingDate": "2021-12-31",
    "acceptedDate": "2021-12-30 19:00:00",
    "calendarYear": "2022",
    "period": "Q3",
    "revenue": 506474000000,
    "costOfRevenue": 273469000000,
    "grossProfit": 233005000000,
    "grossProfitRatio": 0.4600532308,
    "researchAndDevelopmentExpenses": 38549000000,
    "generalAndAdministrativeExpenses": 0,
    "sellingAndMarketingExpenses": 0,
    "sellingGeneralAndAdministrativeExpenses": 38413000000,
    "otherExpenses": 0,
    "operatingExpenses": 76962000000,
    "costAndExpenses": 350431000000,
    "interestIncome": 918000000,
    "interestExpense": 0,
    "depreciationAndAmortization": 9712000000,
    "ebitda": 165755000000,
    "ebitdaratio": 0.327272476,
    "operatingIncome": 156043000000,
    "operatingIncomeRatio": 0.3080967631,
    "totalOtherIncomeExpensesNet": -525000000,
    "incomeBeforeTax": 155518000000,
    "incomeBeforeTaxRatio": 0.3070601847,
    "incomeTaxExpense": 45492000000,
    "netIncome": 110027000000,
    "netIncomeRatio": 0.2172411614,
    "eps": 235.54,
    "epsdiluted": 234.42,
    "weightedAverageShsOut": 467133680,
    "weightedAverageShsOutDil": 469354609,
    "link": null,
    "finalLink": null
  },
  {
    "date": "2021-09-30",
    "symbol": "TOELY",
    "reportedCurrency": "JPY",
    "cik": "0000000000",
    "fillingDate": "2021-09-30",
    "acceptedDate": "2021-09-29 20:00:00",
    "calendarYear": "2022",
    "period": "Q2",
    "revenue": 480465000000,
    "costOfRevenue": 268521000000,
    "grossProfit": 211944000000,
    "grossProfitRatio": 0.4411226624,
    "researchAndDevelopmentExpenses": 41191000000,
    "generalAndAdministrativeExpenses": 0,
    "sellingAndMarketingExpenses": 0,
    "sellingGeneralAndAdministrativeExpenses": 37895000000,
    "otherExpenses": 0,
    "operatingExpenses": 79086000000,
    "costAndExpenses": 347607000000,
    "interestIncome": 77000000,
    "interestExpense": 0,
    "depreciationAndAmortization": 8910000000,
    "ebitda": 141768000000,
    "ebitdaratio": 0.2950641566,
    "operatingIncome": 132858000000,
    "operatingIncomeRatio": 0.2765196216,
    "totalOtherIncomeExpensesNet": 2159000000,
    "incomeBeforeTax": 135017000000,
    "incomeBeforeTaxRatio": 0.2810131851,
    "incomeTaxExpense": 35161000000,
    "netIncome": 99856000000,
    "netIncomeRatio": 0.2078319961,
    "eps": 213.85,
    "epsdiluted": 212.75,
    "weightedAverageShsOut": 466951865,
    "weightedAverageShsOutDil": 469350857,
    "link": null,
    "finalLink": null
  },
  {
    "date": "2021-06-30",
    "symbol": "TOELY",
    "reportedCurrency": "JPY",
    "cik": "0000000000",
    "fillingDate": "2021-06-30",
    "acceptedDate": "2021-06-29 20:00:00",
    "calendarYear": "2022",
    "period": "Q1",
    "revenue": 452049000000,
    "costOfRevenue": 241118000000,
    "grossProfit": 210931000000,
    "grossProfitRatio": 0.4666109205,
    "researchAndDevelopmentExpenses": 34356000000,
    "generalAndAdministrativeExpenses": 0,
    "sellingAndMarketingExpenses": 0,
    "sellingGeneralAndAdministrativeExpenses": 34784000000,
    "otherExpenses": 0,
    "operatingExpenses": 69140000000,
    "costAndExpenses": 310258000000,
    "interestIncome": 841000000,
    "interestExpense": 0,
    "depreciationAndAmortization": 7985000000,
    "ebitda": 149776000000,
    "ebitdaratio": 0.3313269137,
    "operatingIncome": 141791000000,
    "operatingIncomeRatio": 0.3136628994,
    "totalOtherIncomeExpensesNet": -3758000000,
    "incomeBeforeTax": 138033000000,
    "incomeBeforeTaxRatio": 0.3053496413,
    "incomeTaxExpense": 37669000000,
    "netIncome": 100363000000,
    "netIncomeRatio": 0.2220179671,
    "eps": 215.06,
    "epsdiluted": 213.9,
    "weightedAverageShsOut": 466665466,
    "weightedAverageShsOutDil": 469206469,
    "link": null,
    "finalLink": null
  },
  {
    "date": "2021-03-31",
    "symbol": "TOELY",
    "reportedCurrency": "JPY",
    "cik": "0000000000",
    "fillingDate": "2021-03-31",
    "acceptedDate": "2021-03-30 20:00:00",
    "calendarYear": "2021",
    "period": "Q4",
    "revenue": 439217000000,
    "costOfRevenue": 261008000000,
    "grossProfit": 178209000000,
    "grossProfitRatio": 0.4057424918,
    "researchAndDevelopmentExpenses": 37173000000,
    "generalAndAdministrativeExpenses": 0,
    "sellingAndMarketingExpenses": 0,
    "sellingGeneralAndAdministrativeExpenses": 30647000000,
    "otherExpenses": 0,
    "operatingExpenses": 67820000000,
    "costAndExpenses": 328828000000,
    "interestIncome": 0,
    "interestExpense": 0,
    "depreciationAndAmortization": 9778000000,
    "ebitda": 120167000000,
    "ebitdaratio": 0.2735936906,
    "operatingIncome": 110389000000,
    "operatingIncomeRatio": 0.2513313465,
    "totalOtherIncomeExpensesNet": -3396000000,
    "incomeBeforeTax": 106994000000,
    "incomeBeforeTaxRatio": 0.2436016821,
    "incomeTaxExpense": 22232000000,
    "netIncome": 84762000000,
    "netIncomeRatio": 0.1929843335,
    "eps": 181.66,
    "epsdiluted": 180.67,
    "weightedAverageShsOut": 466605967,
    "weightedAverageShsOutDil": 469159091,
    "link": null,
    "finalLink": null
  },
  {
    "date": "2020-12-31",
    "symbol": "TOELY",
    "reportedCurrency": "JPY",
    "cik": "0000000000",
    "fillingDate": "2020-12-31",
    "acceptedDate": "2020-12-30 19:00:00",
    "calendarYear": "2021",
    "period": "Q3",
    "revenue": 291725000000,
    "costOfRevenue": 169818000000,
    "grossProfit": 121907000000,
    "grossProfitRatio": 0.4178832805,
    "researchAndDevelopmentExpenses": 33098000000,
    "generalAndAdministrativeExpenses": 0,
    "sellingAndMarketingExpenses": 0,
    "sellingGeneralAndAdministrativeExpenses": 25942000000,
    "otherExpenses": 0,
    "operatingExpenses": 59614000000,
    "costAndExpenses": 229432000000,
    "interestIncome": 41000000,
    "interestExpense": 0,
    "depreciationAndAmortization": 8763000000,
    "ebitda": 71630000000,
    "ebitdaratio": 0.2455394635,
    "operatingIncome": 62867000000,
    "operatingIncomeRatio": 0.2155008998,
    "totalOtherIncomeExpensesNet": -533000000,
    "incomeBeforeTax": 62334000000,
    "incomeBeforeTaxRatio": 0.2136738367,
    "incomeTaxExpense": 16167000000,
    "netIncome": 46167000000,
    "netIncomeRatio": 0.1582552061,
    "eps": 98.41,
    "epsdiluted": 98.41,
    "weightedAverageShsOut": 469120182,
    "weightedAverageShsOutDil": 469128000,
    "link": null,
    "finalLink": null
  },
  {
    "date": "2020-09-30",
    "symbol": "TOELY",
    "reportedCurrency": "JPY",
    "cik": "0000000000",
    "fillingDate": "2020-09-30",
    "acceptedDate": "2020-09-29 20:00:00",
    "calendarYear": "2021",
    "period": "Q2",
    "revenue": 353337000000,
    "costOfRevenue": 217006000000,
    "grossProfit": 136331000000,
    "grossProfitRatio": 0.3858384488,
    "researchAndDevelopmentExpenses": 36235000000,
    "generalAndAdministrativeExpenses": 0,
    "sellingAndMarketingExpenses": 0,
    "sellingGeneralAndAdministrativeExpenses": 26516000000,
    "otherExpenses": 0,
    "operatingExpenses": 63288000000,
    "costAndExpenses": 280294000000,
    "interestIncome": 0,
    "interestExpense": 0,
    "depreciationAndAmortization": 7676500000,
    "ebitda": 81256500000,
    "ebitdaratio": 0.2299688399,
    "operatingIncome": 73580000000,
    "operatingIncomeRatio": 0.208243122,
    "totalOtherIncomeExpensesNet": -537000000,
    "incomeBeforeTax": 73043000000,
    "incomeBeforeTaxRatio": 0.2067233265,
    "incomeTaxExpense": 17483000000,
    "netIncome": 55560000000,
    "netIncomeRatio": 0.1572436512,
    "eps": 118.39,
    "epsdiluted": 118.4,
    "weightedAverageShsOut": 469283554,
    "weightedAverageShsOutDil": 469275000,
    "link": null,
    "finalLink": null
  },
  {
    "date": "2020-06-30",
    "symbol": "TOELY",
    "reportedCurrency": "JPY",
    "cik": "0000000000",
    "fillingDate": "2020-06-30",
    "acceptedDate": "2020-06-29 20:00:00",
    "calendarYear": "2021",
    "period": "Q1",
    "revenue": 314823000000,
    "costOfRevenue": 186325000000,
    "grossProfit": 128498000000,
    "grossProfitRatio": 0.4081595055,
    "researchAndDevelopmentExpenses": 30142000000,
    "generalAndAdministrativeExpenses": 0,
    "sellingAndMarketingExpenses": 0,
    "sellingGeneralAndAdministrativeExpenses": 24506000000,
    "otherExpenses": 0,
    "operatingExpenses": 54569000000,
    "costAndExpenses": 240894000000,
    "interestIncome": 737000000,
    "interestExpense": 0,
    "depreciationAndAmortization": 7325750000,
    "ebitda": 81175750000,
    "ebitdaratio": 0.2578456784,
    "operatingIncome": 73850000000,
    "operatingIncomeRatio": 0.234576254,
    "totalOtherIncomeExpensesNet": 816000000,
    "incomeBeforeTax": 74666000000,
    "incomeBeforeTaxRatio": 0.2371681866,
    "incomeTaxExpense": 18214000000,
    "netIncome": 56452000000,
    "netIncomeRatio": 0.1793134555,
    "eps": 120.29,
    "epsdiluted": 120.29,
    "weightedAverageShsOut": 469299193,
    "weightedAverageShsOutDil": 469305000,
    "link": null,
    "finalLink": null
  },
  {
    "date": "2020-03-31",
    "symbol": "TOELY",
    "reportedCurrency": "JPY",
    "cik": "0000000000",
    "fillingDate": "2020-03-31",
    "acceptedDate": "2020-03-30 20:00:00",
    "calendarYear": "2020",
    "period": "Q4",
    "revenue": 323390000000,
    "costOfRevenue": 193525000000,
    "grossProfit": 129865000000,
    "grossProfitRatio": 0.401573951,
    "researchAndDevelopmentExpenses": 33484000000,
    "generalAndAdministrativeExpenses": 0,
    "sellingAndMarketingExpenses": 0,
    "sellingGeneralAndAdministrativeExpenses": 26253000000,
    "otherExpenses": 0,
    "operatingExpenses": 57612000000,
    "costAndExpenses": 251137000000,
    "interestIncome": 1117000000,
    "interestExpense": 0,
    "depreciationAndAmortization": 7325750000,
    "ebitda": 77453750000,
    "ebitdaratio": 0.2395057052,
    "operatingIncome": 70128000000,
    "operatingIncomeRatio": 0.2168527165,
    "totalOtherIncomeExpensesNet": 3242000000,
    "incomeBeforeTax": 73370000000,
    "incomeBeforeTaxRatio": 0.2268777637,
    "incomeTaxExpense": 16216000000,
    "netIncome": 57154000000,
    "netIncomeRatio": 0.1767339745,
    "eps": 121.82,
    "epsdiluted": 121.82,
    "weightedAverageShsOut": 469172411,
    "weightedAverageShsOutDil": 469170000,
    "link": null,
    "finalLink": null
  },
  {
    "date": "2019-12-31",
    "symbol": "TOELY",
    "reportedCurrency": "JPY",
    "cik": "0000000000",
    "fillingDate": "2019-12-31",
    "acceptedDate": "2019-12-30 19:00:00",
    "calendarYear": "2020",
    "period": "Q3",
    "revenue": 295454000000,
    "costOfRevenue": 177897000000,
    "grossProfit": 117557000000,
    "grossProfitRatio": 0.3978859653,
    "researchAndDevelopmentExpenses": 29888000000,
    "generalAndAdministrativeExpenses": 0,
    "sellingAndMarketingExpenses": 0,
    "sellingGeneralAndAdministrativeExpenses": 22958000000,
    "otherExpenses": 0,
    "operatingExpenses": 52930000000,
    "costAndExpenses": 230827000000,
    "interestIncome": 0,
    "interestExpense": 0,
    "depreciationAndAmortization": 7565000000,
    "ebitda": 72276000000,
    "ebitdaratio": 0.2446269132,
    "operatingIncome": 64711000000,
    "operatingIncomeRatio": 0.2190222505,
    "totalOtherIncomeExpensesNet": -84000000,
    "incomeBeforeTax": 64627000000,
    "incomeBeforeTaxRatio": 0.2187379423,
    "incomeTaxExpense": 15297000000,
    "netIncome": 49330000000,
    "netIncomeRatio": 0.1669633852,
    "eps": 103.76,
    "epsdiluted": 104.69,
    "weightedAverageShsOut": 475411780,
    "weightedAverageShsOutDil": 471210000,
    "link": null,
    "finalLink": null
  },
  {
    "date": "2019-09-30",
    "symbol": "TOELY",
    "reportedCurrency": "JPY",
    "cik": "0000000000",
    "fillingDate": "2019-09-30",
    "acceptedDate": "2019-09-29 20:00:00",
    "calendarYear": "2020",
    "period": "Q2",
    "revenue": 292021000000,
    "costOfRevenue": 177385000000,
    "grossProfit": 114636000000,
    "grossProfitRatio": 0.392560809,
    "researchAndDevelopmentExpenses": 31204000000,
    "generalAndAdministrativeExpenses": 0,
    "sellingAndMarketingExpenses": 0,
    "sellingGeneralAndAdministrativeExpenses": 23530000000,
    "otherExpenses": 0,
    "operatingExpenses": 52145000000,
    "costAndExpenses": 229530000000,
    "interestIncome": 434000000,
    "interestExpense": 0,
    "depreciationAndAmortization": 6466500000,
    "ebitda": 66368500000,
    "ebitdaratio": 0.2272730386,
    "operatingIncome": 59902000000,
    "operatingIncomeRatio": 0.2051290832,
    "totalOtherIncomeExpensesNet": 2155000000,
    "incomeBeforeTax": 62057000000,
    "incomeBeforeTaxRatio": 0.2125086894,
    "incomeTaxExpense": 15229000000,
    "netIncome": 46828000000,
    "netIncomeRatio": 0.1603583304,
    "eps": 98.66,
    "epsdiluted": 98.06,
    "weightedAverageShsOut": 474621003,
    "weightedAverageShsOutDil": 477522000,
    "link": null,
    "finalLink": null
  },
  {
    "date": "2019-06-30",
    "symbol": "TOELY",
    "reportedCurrency": "JPY",
    "cik": "0000000000",
    "fillingDate": "2019-06-30",
    "acceptedDate": "2019-06-29 20:00:00",
    "calendarYear": "2020",
    "period": "Q1",
    "revenue": 216421000000,
    "costOfRevenue": 126537000000,
    "grossProfit": 89884000000,
    "grossProfitRatio": 0.4153201399,
    "researchAndDevelopmentExpenses": 25692000000,
    "generalAndAdministrativeExpenses": 0,
    "sellingAndMarketingExpenses": 0,
    "sellingGeneralAndAdministrativeExpenses": 21640000000,
    "otherExpenses": 0,
    "operatingExpenses": 45747000000,
    "costAndExpenses": 172284000000,
    "interestIncome": 434000000,
    "interestExpense": 0,
    "depreciationAndAmortization": 6081000000,
    "ebitda": 48633000000,
    "ebitdaratio": 0.224714792,
    "operatingIncome": 42552000000,
    "operatingIncomeRatio": 0.1966167793,
    "totalOtherIncomeExpensesNet": 2019000000,
    "incomeBeforeTax": 44571000000,
    "incomeBeforeTaxRatio": 0.2059458186,
    "incomeTaxExpense": 12677000000,
    "netIncome": 31894000000,
    "netIncomeRatio": 0.147370172,
    "eps": 64.91,
    "epsdiluted": 64.91,
    "weightedAverageShsOut": 491382245,
    "weightedAverageShsOutDil": 491394000,
    "link": null,
    "finalLink": null
  },
  {
    "date": "2019-03-31",
    "symbol": "TOELY",
    "reportedCurrency": "JPY",
    "cik": "0000000000",
    "fillingDate": "2019-03-31",
    "acceptedDate": "2019-03-30 20:00:00",
    "calendarYear": "2019",
    "period": "Q4",
    "revenue": 319036000000,
    "costOfRevenue": 186745000000,
    "grossProfit": 132291000000,
    "grossProfitRatio": 0.4146585338,
    "researchAndDevelopmentExpenses": 30091000000,
    "generalAndAdministrativeExpenses": 0,
    "sellingAndMarketingExpenses": 0,
    "sellingGeneralAndAdministrativeExpenses": 25784000000,
    "otherExpenses": 0,
    "operatingExpenses": 52483000000,
    "costAndExpenses": 239228000000,
    "interestIncome": 0,
    "interestExpense": 0,
    "depreciationAndAmortization": 6169250000,
    "ebitda": 82585250000,
    "ebitdaratio": 0.2588587181,
    "operatingIncome": 76416000000,
    "operatingIncomeRatio": 0.2395215587,
    "totalOtherIncomeExpensesNet": 3392000000,
    "incomeBeforeTax": 79808000000,
    "incomeBeforeTaxRatio": 0.2501535877,
    "incomeTaxExpense": 15706000000,
    "netIncome": 64102000000,
    "netIncomeRatio": 0.2009240337,
    "eps": 129.77,
    "epsdiluted": 129.77,
    "weightedAverageShsOut": 493947909,
    "weightedAverageShsOutDil": 493950000,
    "link": null,
    "finalLink": null
  },
  {
    "date": "2018-12-31",
    "symbol": "TOELY",
    "reportedCurrency": "JPY",
    "cik": "0000000000",
    "fillingDate": "2018-12-31",
    "acceptedDate": "2018-12-30 19:00:00",
    "calendarYear": "2019",
    "period": "Q3",
    "revenue": 268170000000,
    "costOfRevenue": 158387000000,
    "grossProfit": 109783000000,
    "grossProfitRatio": 0.4093783794,
    "researchAndDevelopmentExpenses": 26551000000,
    "generalAndAdministrativeExpenses": 0,
    "sellingAndMarketingExpenses": 0,
    "sellingGeneralAndAdministrativeExpenses": 24495000000,
    "otherExpenses": 0,
    "operatingExpenses": 49231000000,
    "costAndExpenses": 207618000000,
    "interestIncome": 46000000,
    "interestExpense": 0,
    "depreciationAndAmortization": 5999000000,
    "ebitda": 64736000000,
    "ebitdaratio": 0.2413991125,
    "operatingIncome": 58737000000,
    "operatingIncomeRatio": 0.2190289742,
    "totalOtherIncomeExpensesNet": 1861000000,
    "incomeBeforeTax": 60598000000,
    "incomeBeforeTaxRatio": 0.225968602,
    "incomeTaxExpense": 11766000000,
    "netIncome": 48832000000,
    "netIncomeRatio": 0.1820934482,
    "eps": 98.86,
    "epsdiluted": 98.87,
    "weightedAverageShsOut": 493944216,
    "weightedAverageShsOutDil": 493920000,
    "link": null,
    "finalLink": null
  },
  {
    "date": "2018-09-30",
    "symbol": "TOELY",
    "reportedCurrency": "JPY",
    "cik": "0000000000",
    "fillingDate": "2018-09-30",
    "acceptedDate": "2018-09-29 20:00:00",
    "calendarYear": "2019",
    "period": "Q2",
    "revenue": 395465000000,
    "costOfRevenue": 233840000000,
    "grossProfit": 161625000000,
    "grossProfitRatio": 0.4086960919,
    "researchAndDevelopmentExpenses": 31207000000,
    "generalAndAdministrativeExpenses": 0,
    "sellingAndMarketingExpenses": 0,
    "sellingGeneralAndAdministrativeExpenses": 27419000000,
    "otherExpenses": 0,
    "operatingExpenses": 57471000000,
    "costAndExpenses": 291311000000,
    "interestIncome": 1744000000,
    "interestExpense": 0,
    "depreciationAndAmortization": 5492000000,
    "ebitda": 108491000000,
    "ebitdaratio": 0.2743378049,
    "operatingIncome": 102999000000,
    "operatingIncomeRatio": 0.2604503559,
    "totalOtherIncomeExpensesNet": 2899000000,
    "incomeBeforeTax": 105898000000,
    "incomeBeforeTaxRatio": 0.2677809667,
    "incomeTaxExpense": 26345000000,
    "netIncome": 79553000000,
    "netIncomeRatio": 0.2011631876,
    "eps": 160.98,
    "epsdiluted": 160.98,
    "weightedAverageShsOut": 494180552,
    "weightedAverageShsOutDil": 494187000,
    "link": null,
    "finalLink": null
  },
  {
    "date": "2018-06-30",
    "symbol": "TOELY",
    "reportedCurrency": "JPY",
    "cik": "0000000000",
    "fillingDate": "2018-06-30",
    "acceptedDate": "2018-06-29 20:00:00",
    "calendarYear": "2019",
    "period": "Q1",
    "revenue": 295569000000,
    "costOfRevenue": 173085000000,
    "grossProfit": 122484000000,
    "grossProfitRatio": 0.4144006983,
    "researchAndDevelopmentExpenses": 26131000000,
    "generalAndAdministrativeExpenses": 0,
    "sellingAndMarketingExpenses": 0,
    "sellingGeneralAndAdministrativeExpenses": 23934000000,
    "otherExpenses": 0,
    "operatingExpenses": 47280000000,
    "costAndExpenses": 220365000000,
    "interestIncome": 0,
    "interestExpense": 0,
    "depreciationAndAmortization": 5078000000,
    "ebitda": 77497000000,
    "ebitdaratio": 0.2621959678,
    "operatingIncome": 72419000000,
    "operatingIncomeRatio": 0.2450155463,
    "totalOtherIncomeExpensesNet": 2785000000,
    "incomeBeforeTax": 75204000000,
    "incomeBeforeTaxRatio": 0.25443805,
    "incomeTaxExpense": 19463000000,
    "netIncome": 55741000000,
    "netIncomeRatio": 0.1885887898,
    "eps": 112.78,
    "epsdiluted": 112.78,
    "weightedAverageShsOut": 494245433,
    "weightedAverageShsOutDil": 494247000,
    "link": null,
    "finalLink": null
  },
  {
    "date": "2018-03-31",
    "symbol": "TOELY",
    "reportedCurrency": "JPY",
    "cik": "0000000000",
    "fillingDate": "2018-03-31",
    "acceptedDate": "2018-03-30 20:00:00",
    "calendarYear": "2018",
    "period": "Q4",
    "revenue": 355978000000,
    "costOfRevenue": 202434000000,
    "grossProfit": 153544000000,
    "grossProfitRatio": 0.431330026,
    "researchAndDevelopmentExpenses": 27085000000,
    "generalAndAdministrativeExpenses": 0,
    "sellingAndMarketingExpenses": 0,
    "sellingGeneralAndAdministrativeExpenses": 26698000000,
    "otherExpenses": 0,
    "operatingExpenses": 58787000000,
    "costAndExpenses": 261221000000,
    "interestIncome": 858000000,
    "interestExpense": 0,
    "depreciationAndAmortization": 5304750000,
    "ebitda": 105065750000,
    "ebitdaratio": 0.2951467506,
    "operatingIncome": 99761000000,
    "operatingIncomeRatio": 0.2802448466,
    "totalOtherIncomeExpensesNet": -4146000000,
    "incomeBeforeTax": 95615000000,
    "incomeBeforeTaxRatio": 0.2685980594,
    "incomeTaxExpense": 22628000000,
    "netIncome": 72987000000,
    "netIncomeRatio": 0.2050323335,
    "eps": 147.74,
    "epsdiluted": 147.74,
    "weightedAverageShsOut": 494029674,
    "weightedAverageShsOutDil": 494028000,
    "link": null,
    "finalLink": null
  },
  {
    "date": "2017-12-31",
    "symbol": "TOELY",
    "reportedCurrency": "JPY",
    "cik": "0000000000",
    "fillingDate": "2017-12-31",
    "acceptedDate": "2017-12-30 19:00:00",
    "calendarYear": "2018",
    "period": "Q3",
    "revenue": 257774000000,
    "costOfRevenue": 151700000000,
    "grossProfit": 106074000000,
    "grossProfitRatio": 0.4114999961,
    "researchAndDevelopmentExpenses": 23956000000,
    "generalAndAdministrativeExpenses": 0,
    "sellingAndMarketingExpenses": 0,
    "sellingGeneralAndAdministrativeExpenses": 24024000000,
    "otherExpenses": 0,
    "operatingExpenses": 48758000000,
    "costAndExpenses": 200458000000,
    "interestIncome": 0,
    "interestExpense": 0,
    "depreciationAndAmortization": 5181000000,
    "ebitda": 63275000000,
    "ebitdaratio": 0.2454669594,
    "operatingIncome": 58094000000,
    "operatingIncomeRatio": 0.225367958,
    "totalOtherIncomeExpensesNet": -778000000,
    "incomeBeforeTax": 57316000000,
    "incomeBeforeTaxRatio": 0.2223498103,
    "incomeTaxExpense": 16599000000,
    "netIncome": 40716000000,
    "netIncomeRatio": 0.1579523148,
    "eps": 82.42,
    "epsdiluted": 82.42,
    "weightedAverageShsOut": 494035548,
    "weightedAverageShsOutDil": 494028000,
    "link": null,
    "finalLink": null
  },
  {
    "date": "2017-09-30",
    "symbol": "TOELY",
    "reportedCurrency": "JPY",
    "cik": "0000000000",
    "fillingDate": "2017-09-30",
    "acceptedDate": "2017-09-29 20:00:00",
    "calendarYear": "2018",
    "period": "Q2",
    "revenue": 280580000000,
    "costOfRevenue": 162317000000,
    "grossProfit": 118263000000,
    "grossProfitRatio": 0.4214947609,
    "researchAndDevelopmentExpenses": 24875000000,
    "generalAndAdministrativeExpenses": 0,
    "sellingAndMarketingExpenses": 0,
    "sellingGeneralAndAdministrativeExpenses": 24861000000,
    "otherExpenses": 0,
    "operatingExpenses": 50644000000,
    "costAndExpenses": 212961000000,
    "interestIncome": 455000000,
    "interestExpense": 0,
    "depreciationAndAmortization": 4675000000,
    "ebitda": 73202000000,
    "ebitdaratio": 0.2608952883,
    "operatingIncome": 68527000000,
    "operatingIncomeRatio": 0.2442333737,
    "totalOtherIncomeExpensesNet": -1363000000,
    "incomeBeforeTax": 67164000000,
    "incomeBeforeTaxRatio": 0.2393755792,
    "incomeTaxExpense": 17735000000,
    "netIncome": 49416000000,
    "netIncomeRatio": 0.1761208924,
    "eps": 100.03,
    "epsdiluted": 100.03,
    "weightedAverageShsOut": 494035522,
    "weightedAverageShsOutDil": 494028000,
    "link": null,
    "finalLink": null
  },
  {
    "date": "2017-06-30",
    "symbol": "TOELY",
    "reportedCurrency": "JPY",
    "cik": "0000000000",
    "fillingDate": "2017-06-30",
    "acceptedDate": "2017-06-29 20:00:00",
    "calendarYear": "2018",
    "period": "Q1",
    "revenue": 236396000000,
    "costOfRevenue": 139244000000,
    "grossProfit": 97152000000,
    "grossProfitRatio": 0.4109714208,
    "researchAndDevelopmentExpenses": 21187000000,
    "generalAndAdministrativeExpenses": 0,
    "sellingAndMarketingExpenses": 0,
    "sellingGeneralAndAdministrativeExpenses": 21174000000,
    "otherExpenses": 0,
    "operatingExpenses": 42461000000,
    "costAndExpenses": 181705000000,
    "interestIncome": 455000000,
    "interestExpense": 0,
    "depreciationAndAmortization": 4243000000,
    "ebitda": 59034000000,
    "ebitdaratio": 0.2497250376,
    "operatingIncome": 54791000000,
    "operatingIncomeRatio": 0.2317763414,
    "totalOtherIncomeExpensesNet": 355000000,
    "incomeBeforeTax": 55146000000,
    "incomeBeforeTaxRatio": 0.2332780589,
    "incomeTaxExpense": 13880000000,
    "netIncome": 41252000000,
    "netIncomeRatio": 0.1745037987,
    "eps": 83.55,
    "epsdiluted": 83.55,
    "weightedAverageShsOut": 493740275,
    "weightedAverageShsOutDil": 493740000,
    "link": null,
    "finalLink": null
  },
  {
    "date": "2017-03-31",
    "symbol": "TOELY",
    "reportedCurrency": "JPY",
    "cik": "0000000000",
    "fillingDate": "2017-03-31",
    "acceptedDate": "2017-03-30 20:00:00",
    "calendarYear": "2017",
    "period": "Q4",
    "revenue": 260632000000,
    "costOfRevenue": 149959000000,
    "grossProfit": 110673000000,
    "grossProfitRatio": 0.4246331993,
    "researchAndDevelopmentExpenses": 24823000000,
    "generalAndAdministrativeExpenses": 0,
    "sellingAndMarketingExpenses": 0,
    "sellingGeneralAndAdministrativeExpenses": 24313000000,
    "otherExpenses": 0,
    "operatingExpenses": 50222000000,
    "costAndExpenses": 200181000000,
    "interestIncome": 1032000000,
    "interestExpense": 0,
    "depreciationAndAmortization": 4625750000,
    "ebitda": 66162750000,
    "ebitdaratio": 0.2538550523,
    "operatingIncome": 61537000000,
    "operatingIncomeRatio": 0.236106848,
    "totalOtherIncomeExpensesNet": -54000000,
    "incomeBeforeTax": 61483000000,
    "incomeBeforeTaxRatio": 0.2358996593,
    "incomeTaxExpense": 14189000000,
    "netIncome": 47290000000,
    "netIncomeRatio": 0.1814435679,
    "eps": 95.81,
    "epsdiluted": 95.81,
    "weightedAverageShsOut": 493593441,
    "weightedAverageShsOutDil": 493590000,
    "link": null,
    "finalLink": null
  },
  {
    "date": "2016-12-31",
    "symbol": "TOELY",
    "reportedCurrency": "JPY",
    "cik": "0000000000",
    "fillingDate": "2016-12-31",
    "acceptedDate": "2016-12-30 19:00:00",
    "calendarYear": "2017",
    "period": "Q3",
    "revenue": 186365000000,
    "costOfRevenue": 113436000000,
    "grossProfit": 72929000000,
    "grossProfitRatio": 0.3913234781,
    "researchAndDevelopmentExpenses": 19172000000,
    "generalAndAdministrativeExpenses": 0,
    "sellingAndMarketingExpenses": 0,
    "sellingGeneralAndAdministrativeExpenses": 19609000000,
    "otherExpenses": 0,
    "operatingExpenses": 39717000000,
    "costAndExpenses": 153153000000,
    "interestIncome": 0,
    "interestExpense": 0,
    "depreciationAndAmortization": 4273000000,
    "ebitda": 38421000000,
    "ebitdaratio": 0.2061599549,
    "operatingIncome": 34148000000,
    "operatingIncomeRatio": 0.18323183,
    "totalOtherIncomeExpensesNet": -936000000,
    "incomeBeforeTax": 33212000000,
    "incomeBeforeTaxRatio": 0.1782094277,
    "incomeTaxExpense": 7252000000,
    "netIncome": 25952000000,
    "netIncomeRatio": 0.1392536152,
    "eps": 52.58,
    "epsdiluted": 52.58,
    "weightedAverageShsOut": 493596943,
    "weightedAverageShsOutDil": 493602000,
    "link": null,
    "finalLink": null
  },
  {
    "date": "2016-09-30",
    "symbol": "TOELY",
    "reportedCurrency": "JPY",
    "cik": "0000000000",
    "fillingDate": "2016-09-30",
    "acceptedDate": "2016-09-29 20:00:00",
    "calendarYear": "2017",
    "period": "Q2",
    "revenue": 204746000000,
    "costOfRevenue": 123382000000,
    "grossProfit": 81364000000,
    "grossProfitRatio": 0.3973899368,
    "researchAndDevelopmentExpenses": 22038000000,
    "generalAndAdministrativeExpenses": 0,
    "sellingAndMarketingExpenses": 0,
    "sellingGeneralAndAdministrativeExpenses": 21410000000,
    "otherExpenses": 0,
    "operatingExpenses": 42856000000,
    "costAndExpenses": 166238000000,
    "interestIncome": 278000000,
    "interestExpense": 0,
    "depreciationAndAmortization": 4253000000,
    "ebitda": 42169000000,
    "ebitdaratio": 0.2059576255,
    "operatingIncome": 37916000000,
    "operatingIncomeRatio": 0.185185547,
    "totalOtherIncomeExpensesNet": 314000000,
    "incomeBeforeTax": 38230000000,
    "incomeBeforeTaxRatio": 0.1867191545,
    "incomeTaxExpense": 8934000000,
    "netIncome": 29282000000,
    "netIncomeRatio": 0.143016225,
    "eps": 59.32,
    "epsdiluted": 59.32,
    "weightedAverageShsOut": 493627615,
    "weightedAverageShsOutDil": 493599000,
    "link": null,
    "finalLink": null
  },
  {
    "date": "2016-06-30",
    "symbol": "TOELY",
    "reportedCurrency": "JPY",
    "cik": "0000000000",
    "fillingDate": "2016-06-30",
    "acceptedDate": "2016-06-29 20:00:00",
    "calendarYear": "2017",
    "period": "Q1",
    "revenue": 147976000000,
    "costOfRevenue": 90650000000,
    "grossProfit": 57326000000,
    "grossProfitRatio": 0.3874006596,
    "researchAndDevelopmentExpenses": 17767000000,
    "generalAndAdministrativeExpenses": 0,
    "sellingAndMarketingExpenses": 0,
    "sellingGeneralAndAdministrativeExpenses": 17462000000,
    "otherExpenses": 0,
    "operatingExpenses": 41415000000,
    "costAndExpenses": 132065000000,
    "interestIncome": 278000000,
    "interestExpense": 0,
    "depreciationAndAmortization": 3994000000,
    "ebitda": 26091000000,
    "ebitdaratio": 0.1763191328,
    "operatingIncome": 22097000000,
    "operatingIncomeRatio": 0.1493282694,
    "totalOtherIncomeExpensesNet": -5908000000,
    "incomeBeforeTax": 16189000000,
    "incomeBeforeTaxRatio": 0.1094028761,
    "incomeTaxExpense": 3492000000,
    "netIncome": 12684000000,
    "netIncomeRatio": 0.0857166027,
    "eps": 25.72,
    "epsdiluted": 25.72,
    "weightedAverageShsOut": 493157076,
    "weightedAverageShsOutDil": 493209000,
    "link": null,
    "finalLink": null
  },
  {
    "date": "2016-03-31",
    "symbol": "TOELY",
    "reportedCurrency": "JPY",
    "cik": "0000000000",
    "fillingDate": "2016-03-31",
    "acceptedDate": "2016-03-30 20:00:00",
    "calendarYear": "2016",
    "period": "Q4",
    "revenue": 164226000000,
    "costOfRevenue": 95098000000,
    "grossProfit": 69128000000,
    "grossProfitRatio": 0.4209321301,
    "researchAndDevelopmentExpenses": 20355000000,
    "generalAndAdministrativeExpenses": 0,
    "sellingAndMarketingExpenses": 0,
    "sellingGeneralAndAdministrativeExpenses": 18747000000,
    "otherExpenses": 0,
    "operatingExpenses": 45866000000,
    "costAndExpenses": 140964000000,
    "interestIncome": 547000000,
    "interestExpense": 0,
    "depreciationAndAmortization": 5056750000,
    "ebitda": 35082750000,
    "ebitdaratio": 0.2136248219,
    "operatingIncome": 30026000000,
    "operatingIncomeRatio": 0.1828334125,
    "totalOtherIncomeExpensesNet": -6217000000,
    "incomeBeforeTax": 23809000000,
    "incomeBeforeTaxRatio": 0.1449770438,
    "incomeTaxExpense": 5138000000,
    "netIncome": 18656000000,
    "netIncomeRatio": 0.1135995518,
    "eps": 37.84,
    "epsdiluted": 37.84,
    "weightedAverageShsOut": 493012454,
    "weightedAverageShsOutDil": 493017000,
    "link": null,
    "finalLink": null
  },
  {
    "date": "2015-12-31",
    "symbol": "TOELY",
    "reportedCurrency": "JPY",
    "cik": "0000000000",
    "fillingDate": "2015-12-31",
    "acceptedDate": "2015-12-30 19:00:00",
    "calendarYear": "2016",
    "period": "Q3",
    "revenue": 158771000000,
    "costOfRevenue": 96700000000,
    "grossProfit": 62071000000,
    "grossProfitRatio": 0.3909467094,
    "researchAndDevelopmentExpenses": 18353000000,
    "generalAndAdministrativeExpenses": 0,
    "sellingAndMarketingExpenses": 0,
    "sellingGeneralAndAdministrativeExpenses": 18206000000,
    "otherExpenses": 0,
    "operatingExpenses": 36933000000,
    "costAndExpenses": 133633000000,
    "interestIncome": 0,
    "interestExpense": 0,
    "depreciationAndAmortization": 4275000000,
    "ebitda": 29787000000,
    "ebitdaratio": 0.187609828,
    "operatingIncome": 25512000000,
    "operatingIncomeRatio": 0.1606842559,
    "totalOtherIncomeExpensesNet": -374000000,
    "incomeBeforeTax": 25138000000,
    "incomeBeforeTaxRatio": 0.158328662,
    "incomeTaxExpense": 7269000000,
    "netIncome": 17859000000,
    "netIncomeRatio": 0.1124827582,
    "eps": 36.19,
    "epsdiluted": 36.19,
    "weightedAverageShsOut": 493460958,
    "weightedAverageShsOutDil": 493485000,
    "link": null,
    "finalLink": null
  },
  {
    "date": "2015-09-30",
    "symbol": "TOELY",
    "reportedCurrency": "JPY",
    "cik": "0000000000",
    "fillingDate": "2015-09-30",
    "acceptedDate": "2015-09-29 20:00:00",
    "calendarYear": "2016",
    "period": "Q2",
    "revenue": 185189000000,
    "costOfRevenue": 114883000000,
    "grossProfit": 70306000000,
    "grossProfitRatio": 0.3796445793,
    "researchAndDevelopmentExpenses": 20001000000,
    "generalAndAdministrativeExpenses": 0,
    "sellingAndMarketingExpenses": 0,
    "sellingGeneralAndAdministrativeExpenses": 19333000000,
    "otherExpenses": 0,
    "operatingExpenses": 41618000000,
    "costAndExpenses": 156501000000,
    "interestIncome": 268000000,
    "interestExpense": 0,
    "depreciationAndAmortization": 5002000000,
    "ebitda": 35974000000,
    "ebitdaratio": 0.1942555983,
    "operatingIncome": 30972000000,
    "operatingIncomeRatio": 0.1672453547,
    "totalOtherIncomeExpensesNet": -2552000000,
    "incomeBeforeTax": 28420000000,
    "incomeBeforeTaxRatio": 0.1534648386,
    "incomeTaxExpense": 6513000000,
    "netIncome": 21895000000,
    "netIncomeRatio": 0.1182305645,
    "eps": 42.9,
    "epsdiluted": 42.9,
    "weightedAverageShsOut": 510370890,
    "weightedAverageShsOutDil": 510372000,
    "link": null,
    "finalLink": null
  },
  {
    "date": "2015-06-30",
    "symbol": "TOELY",
    "reportedCurrency": "JPY",
    "cik": "0000000000",
    "fillingDate": "2015-06-30",
    "acceptedDate": "2015-06-29 20:00:00",
    "calendarYear": "2016",
    "period": "Q1",
    "revenue": 155762000000,
    "costOfRevenue": 90057000000,
    "grossProfit": 65705000000,
    "grossProfitRatio": 0.4218294578,
    "researchAndDevelopmentExpenses": 17577000000,
    "generalAndAdministrativeExpenses": 0,
    "sellingAndMarketingExpenses": 0,
    "sellingGeneralAndAdministrativeExpenses": 17848000000,
    "otherExpenses": 0,
    "operatingExpenses": 36875000000,
    "costAndExpenses": 126932000000,
    "interestIncome": 268000000,
    "interestExpense": 0,
    "depreciationAndAmortization": 4624000000,
    "ebitda": 34904000000,
    "ebitdaratio": 0.2240854637,
    "operatingIncome": 30280000000,
    "operatingIncomeRatio": 0.1943991474,
    "totalOtherIncomeExpensesNet": -1182000000,
    "incomeBeforeTax": 29098000000,
    "incomeBeforeTaxRatio": 0.186810647,
    "incomeTaxExpense": 9610000000,
    "netIncome": 19481000000,
    "netIncomeRatio": 0.1250690155,
    "eps": 36.41,
    "epsdiluted": 36.41,
    "weightedAverageShsOut": 535093815,
    "weightedAverageShsOutDil": 535097999,
    "link": null,
    "finalLink": null
  },
  {
    "date": "2015-03-31",
    "symbol": "TOELY",
    "reportedCurrency": "JPY",
    "cik": "0000000000",
    "fillingDate": "2015-03-31",
    "acceptedDate": "2015-03-30 20:00:00",
    "calendarYear": "2015",
    "period": "Q4",
    "revenue": 181829000000,
    "costOfRevenue": 104147000000,
    "grossProfit": 77682000000,
    "grossProfitRatio": 0.4272255801,
    "researchAndDevelopmentExpenses": 19555000000,
    "generalAndAdministrativeExpenses": 0,
    "sellingAndMarketingExpenses": 0,
    "sellingGeneralAndAdministrativeExpenses": 22211000000,
    "otherExpenses": 0,
    "operatingExpenses": 45608000000,
    "costAndExpenses": 149755000000,
    "interestIncome": 901000000,
    "interestExpense": 0,
    "depreciationAndAmortization": 5507000000,
    "ebitda": 41423000000,
    "ebitdaratio": 0.2278129451,
    "operatingIncome": 35916000000,
    "operatingIncomeRatio": 0.1975262472,
    "totalOtherIncomeExpensesNet": -2941000000,
    "incomeBeforeTax": 32975000000,
    "incomeBeforeTaxRatio": 0.1813517096,
    "incomeTaxExpense": 1452000000,
    "netIncome": 34420000000,
    "netIncomeRatio": 0.1892987367,
    "eps": 63.86,
    "epsdiluted": 63.86,
    "weightedAverageShsOut": 538963692,
    "weightedAverageShsOutDil": 538953000,
    "link": null,
    "finalLink": null
  },
  {
    "date": "2014-12-31",
    "symbol": "TOELY",
    "reportedCurrency": "JPY",
    "cik": "0000000000",
    "fillingDate": "2014-12-31",
    "acceptedDate": "2014-12-30 19:00:00",
    "calendarYear": "2015",
    "period": "Q3",
    "revenue": 137022000000,
    "costOfRevenue": 79379000000,
    "grossProfit": 57643000000,
    "grossProfitRatio": 0.4206842697,
    "researchAndDevelopmentExpenses": 16843000000,
    "generalAndAdministrativeExpenses": 0,
    "sellingAndMarketingExpenses": 0,
    "sellingGeneralAndAdministrativeExpenses": 18718000000,
    "otherExpenses": 0,
    "operatingExpenses": 32341000000,
    "costAndExpenses": 111720000000,
    "interestIncome": 551000000,
    "interestExpense": 0,
    "depreciationAndAmortization": 4908000000,
    "ebitda": 26990000000,
    "ebitdaratio": 0.1969756681,
    "operatingIncome": 22082000000,
    "operatingIncomeRatio": 0.1611566026,
    "totalOtherIncomeExpensesNet": 2669000000,
    "incomeBeforeTax": 24751000000,
    "incomeBeforeTaxRatio": 0.1806352265,
    "incomeTaxExpense": 7292000000,
    "netIncome": 17452000000,
    "netIncomeRatio": 0.1273664083,
    "eps": 32.38,
    "epsdiluted": 32.38,
    "weightedAverageShsOut": 538977239,
    "weightedAverageShsOutDil": 538959000,
    "link": null,
    "finalLink": null
  },
  {
    "date": "2014-09-30",
    "symbol": "TOELY",
    "reportedCurrency": "JPY",
    "cik": "0000000000",
    "fillingDate": "2014-09-30",
    "acceptedDate": "2014-09-29 20:00:00",
    "calendarYear": "2015",
    "period": "Q2",
    "revenue": 142948000000,
    "costOfRevenue": 90883000000,
    "grossProfit": 52065000000,
    "grossProfitRatio": 0.3642233539,
    "researchAndDevelopmentExpenses": 18197000000,
    "generalAndAdministrativeExpenses": 0,
    "sellingAndMarketingExpenses": 0,
    "sellingGeneralAndAdministrativeExpenses": 20823000000,
    "otherExpenses": 0,
    "operatingExpenses": 37958000000,
    "costAndExpenses": 128841000000,
    "interestIncome": 29000000,
    "interestExpense": 0,
    "depreciationAndAmortization": 5140500000,
    "ebitda": 18185500000,
    "ebitdaratio": 0.1272175896,
    "operatingIncome": 13045000000,
    "operatingIncomeRatio": 0.0912569606,
    "totalOtherIncomeExpensesNet": 1033000000,
    "incomeBeforeTax": 14078000000,
    "incomeBeforeTaxRatio": 0.0984833646,
    "incomeTaxExpense": 5889000000,
    "netIncome": 8181000000,
    "netIncomeRatio": 0.0572306013,
    "eps": 15.18,
    "epsdiluted": 15.18,
    "weightedAverageShsOut": 538930143,
    "weightedAverageShsOutDil": 538956000,
    "link": null,
    "finalLink": null
  },
  {
    "date": "2014-06-30",
    "symbol": "TOELY",
    "reportedCurrency": "JPY",
    "cik": "0000000000",
    "fillingDate": "2014-06-30",
    "acceptedDate": "2014-06-29 20:00:00",
    "calendarYear": "2015",
    "period": "Q1",
    "revenue": 151325000000,
    "costOfRevenue": 95942000000,
    "grossProfit": 55383000000,
    "grossProfitRatio": 0.3659871138,
    "researchAndDevelopmentExpenses": 16754000000,
    "generalAndAdministrativeExpenses": 0,
    "sellingAndMarketingExpenses": 0,
    "sellingGeneralAndAdministrativeExpenses": 21559000000,
    "otherExpenses": 0,
    "operatingExpenses": 40941000000,
    "costAndExpenses": 136883000000,
    "interestIncome": 580000000,
    "interestExpense": 0,
    "depreciationAndAmortization": 4717000000,
    "ebitda": 21787000000,
    "ebitdaratio": 0.1439748885,
    "operatingIncome": 17070000000,
    "operatingIncomeRatio": 0.1128035685,
    "totalOtherIncomeExpensesNet": -2048000000,
    "incomeBeforeTax": 15022000000,
    "incomeBeforeTaxRatio": 0.0992697836,
    "incomeTaxExpense": 3169000000,
    "netIncome": 11835000000,
    "netIncomeRatio": 0.0782091525,
    "eps": 21.96,
    "epsdiluted": 21.96,
    "weightedAverageShsOut": 538934426,
    "weightedAverageShsOutDil": 538944000,
    "link": null,
    "finalLink": null
  },
  {
    "date": "2014-03-31",
    "symbol": "TOELY",
    "reportedCurrency": "JPY",
    "cik": "0000000000",
    "fillingDate": "2014-03-31",
    "acceptedDate": "2014-03-30 20:00:00",
    "calendarYear": "2014",
    "period": "Q4",
    "revenue": 219270000000,
    "costOfRevenue": 147757000000,
    "grossProfit": 71513000000,
    "grossProfitRatio": 0.326141287,
    "researchAndDevelopmentExpenses": 21269000000,
    "generalAndAdministrativeExpenses": 0,
    "sellingAndMarketingExpenses": 0,
    "sellingGeneralAndAdministrativeExpenses": 25281000000,
    "otherExpenses": 0,
    "operatingExpenses": 46088000000,
    "costAndExpenses": 193845000000,
    "interestIncome": 361000000,
    "interestExpense": 0,
    "depreciationAndAmortization": 7287500000,
    "ebitda": 32250500000,
    "ebitdaratio": 0.1470812241,
    "operatingIncome": 24963000000,
    "operatingIncomeRatio": 0.1138459434,
    "totalOtherIncomeExpensesNet": 823000000,
    "incomeBeforeTax": 25786000000,
    "incomeBeforeTaxRatio": 0.1175993068,
    "incomeTaxExpense": 9489000000,
    "netIncome": 16213000000,
    "netIncomeRatio": 0.0739408036,
    "eps": 30.05,
    "epsdiluted": 30.16,
    "weightedAverageShsOut": 539549497,
    "weightedAverageShsOutDil": 537605883,
    "link": null,
    "finalLink": null
  },
  {
    "date": "2013-12-31",
    "symbol": "TOELY",
    "reportedCurrency": "JPY",
    "cik": "0000000000",
    "fillingDate": "2013-12-31",
    "acceptedDate": "2013-12-30 19:00:00",
    "calendarYear": "2014",
    "period": "Q3",
    "revenue": 138400000000,
    "costOfRevenue": 88067000000,
    "grossProfit": 50333000000,
    "grossProfitRatio": 0.3636777457,
    "researchAndDevelopmentExpenses": 18954000000,
    "generalAndAdministrativeExpenses": 0,
    "sellingAndMarketingExpenses": 0,
    "sellingGeneralAndAdministrativeExpenses": 22312000000,
    "otherExpenses": 0,
    "operatingExpenses": 88606000000,
    "costAndExpenses": 176673000000,
    "interestIncome": 1053000000,
    "interestExpense": 0,
    "depreciationAndAmortization": 6942750000,
    "ebitda": 16009750000,
    "ebitdaratio": 0.1156773844,
    "operatingIncome": 9067000000,
    "operatingIncomeRatio": 0.0655130058,
    "totalOtherIncomeExpensesNet": -46287000000,
    "incomeBeforeTax": -37220000000,
    "incomeBeforeTaxRatio": -0.2689306358,
    "incomeTaxExpense": 871000000,
    "netIncome": -38097000000,
    "netIncomeRatio": -0.275267341,
    "eps": -70.87,
    "epsdiluted": -70.87,
    "weightedAverageShsOut": 537578678,
    "weightedAverageShsOutDil": 537588000,
    "link": null,
    "finalLink": null
  },
  {
    "date": "2013-09-30",
    "symbol": "TOELY",
    "reportedCurrency": "JPY",
    "cik": "0000000000",
    "fillingDate": "2013-09-30",
    "acceptedDate": "2013-09-29 20:00:00",
    "calendarYear": "2014",
    "period": "Q2",
    "revenue": 151048000000,
    "costOfRevenue": 100918000000,
    "grossProfit": 50130000000,
    "grossProfitRatio": 0.3318812563,
    "researchAndDevelopmentExpenses": 20447000000,
    "generalAndAdministrativeExpenses": 0,
    "sellingAndMarketingExpenses": 0,
    "sellingGeneralAndAdministrativeExpenses": 21859000000,
    "otherExpenses": 0,
    "operatingExpenses": 41790000000,
    "costAndExpenses": 142708000000,
    "interestIncome": 1184000000,
    "interestExpense": 0,
    "depreciationAndAmortization": 7444000000,
    "ebitda": 15268000000,
    "ebitdaratio": 0.1010804512,
    "operatingIncome": 7824000000,
    "operatingIncomeRatio": 0.0517981039,
    "totalOtherIncomeExpensesNet": 1700000000,
    "incomeBeforeTax": 9524000000,
    "incomeBeforeTaxRatio": 0.0630528044,
    "incomeTaxExpense": 3973000000,
    "netIncome": 5452000000,
    "netIncomeRatio": 0.0360944865,
    "eps": 10.1,
    "epsdiluted": 10.1,
    "weightedAverageShsOut": 539955626,
    "weightedAverageShsOutDil": 540021000,
    "link": null,
    "finalLink": null
  },
  {
    "date": "2013-06-30",
    "symbol": "TOELY",
    "reportedCurrency": "JPY",
    "cik": "0000000000",
    "fillingDate": "2013-06-30",
    "acceptedDate": "2013-06-29 20:00:00",
    "calendarYear": "2014",
    "period": "Q1",
    "revenue": 103452000000,
    "costOfRevenue": 73535000000,
    "grossProfit": 29917000000,
    "grossProfitRatio": 0.2891872559,
    "researchAndDevelopmentExpenses": 17993000000,
    "generalAndAdministrativeExpenses": 0,
    "sellingAndMarketingExpenses": 0,
    "sellingGeneralAndAdministrativeExpenses": 21570000000,
    "otherExpenses": 0,
    "operatingExpenses": 40326000000,
    "costAndExpenses": 113861000000,
    "interestIncome": 563000000,
    "interestExpense": 0,
    "depreciationAndAmortization": 6942750000,
    "ebitda": -2703250000,
    "ebitdaratio": -0.026130476,
    "operatingIncome": -9646000000,
    "operatingIncomeRatio": -0.09324131,
    "totalOtherIncomeExpensesNet": -200000000,
    "incomeBeforeTax": -9846000000,
    "incomeBeforeTaxRatio": -0.0951745737,
    "incomeTaxExpense": 6876000000,
    "netIncome": -2976000000,
    "netIncomeRatio": -0.0287669644,
    "eps": -5.54,
    "epsdiluted": -5.54,
    "weightedAverageShsOut": 537561087,
    "weightedAverageShsOutDil": 537561000,
    "link": null,
    "finalLink": null
  },
  {
    "date": "2013-03-31",
    "symbol": "TOELY",
    "reportedCurrency": "JPY",
    "cik": "0000000000",
    "fillingDate": "2013-03-31",
    "acceptedDate": "2013-03-30 20:00:00",
    "calendarYear": "2013",
    "period": "Q4",
    "revenue": 138788000000,
    "costOfRevenue": 93923000000,
    "grossProfit": 44865000000,
    "grossProfitRatio": 0.3232628181,
    "researchAndDevelopmentExpenses": 18389000000,
    "generalAndAdministrativeExpenses": 0,
    "sellingAndMarketingExpenses": 0,
    "sellingGeneralAndAdministrativeExpenses": 18707000000,
    "otherExpenses": 0,
    "operatingExpenses": 36818000000,
    "costAndExpenses": 130741000000,
    "interestIncome": 370000000,
    "interestExpense": 0,
    "depreciationAndAmortization": 6942750000,
    "ebitda": 14711750000,
    "ebitdaratio": 0.1060015996,
    "operatingIncome": 7769000000,
    "operatingIncomeRatio": 0.055977462,
    "totalOtherIncomeExpensesNet": 648000000,
    "incomeBeforeTax": 8417000000,
    "incomeBeforeTaxRatio": 0.0606464536,
    "incomeTaxExpense": 1298000000,
    "netIncome": 7012000000,
    "netIncomeRatio": 0.0505231,
    "eps": 12.95,
    "epsdiluted": 12.95,
    "weightedAverageShsOut": 541552031,
    "weightedAverageShsOutDil": 541593000,
    "link": null,
    "finalLink": null
  },
  {
    "date": "2012-12-31",
    "symbol": "TOELY",
    "reportedCurrency": "JPY",
    "cik": "0000000000",
    "fillingDate": "2012-12-31",
    "acceptedDate": "2012-12-30 19:00:00",
    "calendarYear": "2013",
    "period": "Q3",
    "revenue": 91911000000,
    "costOfRevenue": 63659000000,
    "grossProfit": 28252000000,
    "grossProfitRatio": 0.3073843174,
    "researchAndDevelopmentExpenses": 17442000000,
    "generalAndAdministrativeExpenses": 0,
    "sellingAndMarketingExpenses": 0,
    "sellingGeneralAndAdministrativeExpenses": 17676000000,
    "otherExpenses": 0,
    "operatingExpenses": 35462000000,
    "costAndExpenses": 99121000000,
    "interestIncome": 1022000000,
    "interestExpense": 0,
    "depreciationAndAmortization": 6637000000,
    "ebitda": -229000000,
    "ebitdaratio": -0.0024915407,
    "operatingIncome": -6866000000,
    "operatingIncomeRatio": -0.0747027015,
    "totalOtherIncomeExpensesNet": 678000000,
    "incomeBeforeTax": -6188000000,
    "incomeBeforeTaxRatio": -0.0673260002,
    "incomeTaxExpense": 859000000,
    "netIncome": -7026000000,
    "netIncomeRatio": -0.076443516,
    "eps": -13.07,
    "epsdiluted": -13.07,
    "weightedAverageShsOut": 537498433,
    "weightedAverageShsOutDil": 537543000,
    "link": null,
    "finalLink": null
  },
  {
    "date": "2012-09-30",
    "symbol": "TOELY",
    "reportedCurrency": "JPY",
    "cik": "0000000000",
    "fillingDate": "2012-09-30",
    "acceptedDate": "2012-09-29 20:00:00",
    "calendarYear": "2013",
    "period": "Q2",
    "revenue": 132421000000,
    "costOfRevenue": 90896000000,
    "grossProfit": 41525000000,
    "grossProfitRatio": 0.313583193,
    "researchAndDevelopmentExpenses": 19489000000,
    "generalAndAdministrativeExpenses": 0,
    "sellingAndMarketingExpenses": 0,
    "sellingGeneralAndAdministrativeExpenses": 19118000000,
    "otherExpenses": 0,
    "operatingExpenses": 37219000000,
    "costAndExpenses": 128115000000,
    "interestIncome": 0,
    "interestExpense": 0,
    "depreciationAndAmortization": 5894500000,
    "ebitda": 8812500000,
    "ebitdaratio": 0.0665491123,
    "operatingIncome": 2918000000,
    "operatingIncomeRatio": 0.0220357798,
    "totalOtherIncomeExpensesNet": 1388000000,
    "incomeBeforeTax": 4306000000,
    "incomeBeforeTaxRatio": 0.032517501,
    "incomeTaxExpense": 3802000000,
    "netIncome": 370000000,
    "netIncomeRatio": 0.0027941188,
    "eps": 0.69,
    "epsdiluted": 0.69,
    "weightedAverageShsOut": 537760214,
    "weightedAverageShsOutDil": 538434000,
    "link": null,
    "finalLink": null
  }
]