[
  {
    "date": "2024-03-31",
    "symbol": "SSNLF",
    "reportedCurrency": "KRW",
    "cik": "0000000000",
    "fillingDate": "2024-03-31",
    "acceptedDate": "2024-03-30 20:00:00",
    "calendarYear": "2024",
    "period": "Q1",
    "revenue": 71915601000000,
    "costOfRevenue": 46474376000000,
    "grossProfit": 25441225000000,
    "grossProfitRatio": 0.3537650335,
    "researchAndDevelopmentExpenses": 7820071000000,
    "generalAndAdministrativeExpenses": 19423260000000,
    "sellingAndMarketingExpenses": -8408084000000,
    "sellingGeneralAndAdministrativeExpenses": 11015176000000,
    "otherExpenses": -65309600000000,
    "operatingExpenses": 18835247000000,
    "costAndExpenses": 65309623000000,
    "interestIncome": 820000000000,
    "interestExpense": 242772000000,
    "depreciationAndAmortization": 9950792000000,
    "ebitda": 16556770000000,
    "ebitdaratio": 0.2302250106,
    "operatingIncome": 6605978000000,
    "operatingIncomeRatio": 0.0918573704,
    "totalOtherIncomeExpensesNet": 885881000000,
    "incomeBeforeTax": 7491890000000,
    "incomeBeforeTaxRatio": 0.1041761439,
    "incomeTaxExpense": 952015000000,
    "netIncome": 6621030000000,
    "netIncomeRatio": 0.0920666713,
    "eps": 974.73,
    "epsdiluted": 974.73,
    "weightedAverageShsOut": 6792670000,
    "weightedAverageShsOutDil": 6792670000,
    "link": null,
    "finalLink": null
  },
  {
    "date": "2023-12-31",
    "symbol": "SSNLF",
    "reportedCurrency": "KRW",
    "cik": "0000000000",
    "fillingDate": "2023-12-31",
    "acceptedDate": "2023-12-30 19:00:00",
    "calendarYear": "2023",
    "period": "Q4",
    "revenue": 67779938000000,
    "costOfRevenue": 46701174000000,
    "grossProfit": 21078764000000,
    "grossProfitRatio": 0.3109882455,
    "researchAndDevelopmentExpenses": 7549892000000,
    "generalAndAdministrativeExpenses": 1664510000000,
    "sellingAndMarketingExpenses": 6839554000000,
    "sellingGeneralAndAdministrativeExpenses": 10704155000000,
    "otherExpenses": -248260000000,
    "operatingExpenses": 18254047000000,
    "costAndExpenses": 64955221000000,
    "interestIncome": 999526000000,
    "interestExpense": 72393000000,
    "depreciationAndAmortization": 9834382000000,
    "ebitda": 12659099000000,
    "ebitdaratio": 0.1867676391,
    "operatingIncome": 2824717000000,
    "operatingIncomeRatio": 0.0416748242,
    "totalOtherIncomeExpensesNet": 699572000000,
    "incomeBeforeTax": 3313198000000,
    "incomeBeforeTaxRatio": 0.0488816912,
    "incomeTaxExpense": -2820469000000,
    "netIncome": 6023827000000,
    "netIncomeRatio": 0.0888733035,
    "eps": 886.81,
    "epsdiluted": 886.81,
    "weightedAverageShsOut": 6792669250,
    "weightedAverageShsOutDil": 6792669250,
    "link": null,
    "finalLink": null
  },
  {
    "date": "2023-09-30",
    "symbol": "SSNLF",
    "reportedCurrency": "KRW",
    "cik": "0000000000",
    "fillingDate": "2023-09-30",
    "acceptedDate": "2023-09-29 20:00:00",
    "calendarYear": "2023",
    "period": "Q3",
    "revenue": 67404652000000,
    "costOfRevenue": 46618726000000,
    "grossProfit": 20785926000000,
    "grossProfitRatio": 0.3083752439,
    "researchAndDevelopmentExpenses": 7012543000000,
    "generalAndAdministrativeExpenses": 18352392000000,
    "sellingAndMarketingExpenses": 7132728000000,
    "sellingGeneralAndAdministrativeExpenses": 18352392000000,
    "otherExpenses": -36704784000000,
    "operatingExpenses": -18352392000000,
    "costAndExpenses": 46618726000000,
    "interestIncome": 1145777000000,
    "interestExpense": 279290000000,
    "depreciationAndAmortization": 18352392000000,
    "ebitda": 20785926000000,
    "ebitdaratio": 0.3083752439,
    "operatingIncome": 2433534000000,
    "operatingIncomeRatio": 0.0361033538,
    "totalOtherIncomeExpensesNet": 1509067000000,
    "incomeBeforeTax": 3942601000000,
    "incomeBeforeTaxRatio": 0.0584915267,
    "incomeTaxExpense": -1901570000000,
    "netIncome": 5501304000000,
    "netIncomeRatio": 0.0816160879,
    "eps": 809.89,
    "epsdiluted": 809.89,
    "weightedAverageShsOut": 6792670000,
    "weightedAverageShsOutDil": 6792670000,
    "link": null,
    "finalLink": null
  },
  {
    "date": "2023-06-30",
    "symbol": "SSNLF",
    "reportedCurrency": "KRW",
    "cik": "0000000000",
    "fillingDate": "2023-06-30",
    "acceptedDate": "2023-06-30 00:00:00",
    "calendarYear": "2023",
    "period": "Q2",
    "revenue": 60005533000000,
    "costOfRevenue": 41647190000000,
    "grossProfit": 18358343000000,
    "grossProfitRatio": 0.3059441702,
    "researchAndDevelopmentExpenses": 7198555000000,
    "generalAndAdministrativeExpenses": 17689796000000,
    "sellingAndMarketingExpenses": 6221521000000,
    "sellingGeneralAndAdministrativeExpenses": 17689796000000,
    "otherExpenses": -35379592000000,
    "operatingExpenses": -17689796000000,
    "costAndExpenses": 41647190000000,
    "interestIncome": 1152273000000,
    "interestExpense": 286893000000,
    "depreciationAndAmortization": 17689796000000,
    "ebitda": 10515337000000,
    "ebitdaratio": 0.3059441702,
    "operatingIncome": 668547000000,
    "operatingIncomeRatio": 0.0111414226,
    "totalOtherIncomeExpensesNet": 452448000000,
    "incomeBeforeTax": 1712995000000,
    "incomeBeforeTaxRatio": 0.0285472841,
    "incomeTaxExpense": -10576000000,
    "netIncome": 1547018000000,
    "netIncomeRatio": 0.0257812559,
    "eps": 227.75,
    "epsdiluted": 227.75,
    "weightedAverageShsOut": 6792670000,
    "weightedAverageShsOutDil": 6792670000,
    "link": null,
    "finalLink": null
  },
  {
    "date": "2023-03-31",
    "symbol": "SSNLF",
    "reportedCurrency": "KRW",
    "cik": "0000000000",
    "fillingDate": "2023-03-31",
    "acceptedDate": "2023-03-31 00:00:00",
    "calendarYear": "2023",
    "period": "Q1",
    "revenue": 63745371000000,
    "costOfRevenue": 46007093000000,
    "grossProfit": 17738278000000,
    "grossProfitRatio": 0.2782677035,
    "researchAndDevelopmentExpenses": 6578734000000,
    "generalAndAdministrativeExpenses": 1446500000000,
    "sellingAndMarketingExpenses": 6358360000000,
    "sellingGeneralAndAdministrativeExpenses": 7804860000000,
    "otherExpenses": 2714506000000,
    "operatingExpenses": 17098100000000,
    "costAndExpenses": 63105193000000,
    "interestIncome": 1060446000000,
    "interestExpense": 291677000000,
    "depreciationAndAmortization": 9586493000000,
    "ebitda": 11704550000000,
    "ebitdaratio": 0.1818709471,
    "operatingIncome": 2006938000000,
    "operatingIncomeRatio": 0.0314836665,
    "totalOtherIncomeExpensesNet": -180558000000,
    "incomeBeforeTax": 1826380000000,
    "incomeBeforeTaxRatio": 0.0286511785,
    "incomeTaxExpense": 251780000000,
    "netIncome": 1401252000000,
    "netIncomeRatio": 0.0219820197,
    "eps": 206.29,
    "epsdiluted": 206.29,
    "weightedAverageShsOut": 6792670000,
    "weightedAverageShsOutDil": 6792670000,
    "link": null,
    "finalLink": null
  },
  {
    "date": "2022-12-31",
    "symbol": "SSNLF",
    "reportedCurrency": "KRW",
    "cik": "0000000000",
    "fillingDate": "2022-12-31",
    "acceptedDate": "2022-12-31 00:00:00",
    "calendarYear": "2022",
    "period": "Q4",
    "revenue": 70464575000000,
    "costOfRevenue": 48627728000000,
    "grossProfit": 21836847000000,
    "grossProfitRatio": 0.309898229,
    "researchAndDevelopmentExpenses": 6472511000000,
    "generalAndAdministrativeExpenses": 1627015000000,
    "sellingAndMarketingExpenses": 6847350000000,
    "sellingGeneralAndAdministrativeExpenses": 8474365000000,
    "otherExpenses": 2583840000000,
    "operatingExpenses": 17530716000000,
    "costAndExpenses": 66158444000000,
    "interestIncome": 1064811000000,
    "interestExpense": 274257000000,
    "depreciationAndAmortization": 10797278000000,
    "ebitda": 14978233000000,
    "ebitdaratio": 0.2143404541,
    "operatingIncome": 4306131000000,
    "operatingIncomeRatio": 0.0611105793,
    "totalOtherIncomeExpensesNet": 748787000000,
    "incomeBeforeTax": 5054918000000,
    "incomeBeforeTaxRatio": 0.0717370111,
    "incomeTaxExpense": -18786528000000,
    "netIncome": 23502509000000,
    "netIncomeRatio": 0.3335365182,
    "eps": 3459.98,
    "epsdiluted": 3459.98,
    "weightedAverageShsOut": 6792669250,
    "weightedAverageShsOutDil": 6792669250,
    "link": null,
    "finalLink": null
  },
  {
    "date": "2022-09-30",
    "symbol": "SSNLF",
    "reportedCurrency": "KRW",
    "cik": "0000000000",
    "fillingDate": "2022-09-30",
    "acceptedDate": "2022-09-30 00:00:00",
    "calendarYear": "2022",
    "period": "Q3",
    "revenue": 76781680000000,
    "costOfRevenue": 48072237000000,
    "grossProfit": 28709443000000,
    "grossProfitRatio": 0.3739100655,
    "researchAndDevelopmentExpenses": 6269581000000,
    "generalAndAdministrativeExpenses": 1576562000000,
    "sellingAndMarketingExpenses": 7385247000000,
    "sellingGeneralAndAdministrativeExpenses": 8961809000000,
    "otherExpenses": 2626008000000,
    "operatingExpenses": 17857398000000,
    "costAndExpenses": 65929635000000,
    "interestIncome": 799442000000,
    "interestExpense": 216463000000,
    "depreciationAndAmortization": 11101674000000,
    "ebitda": 21953719000000,
    "ebitdaratio": 0.2859239209,
    "operatingIncome": 10852045000000,
    "operatingIncomeRatio": 0.1413363839,
    "totalOtherIncomeExpensesNet": 1002913000000,
    "incomeBeforeTax": 11854958000000,
    "incomeBeforeTaxRatio": 0.1543982627,
    "incomeTaxExpense": 2465760000000,
    "netIncome": 9143900000000,
    "netIncomeRatio": 0.1190896057,
    "eps": 1531.7,
    "epsdiluted": 1531.7,
    "weightedAverageShsOut": 5969782550,
    "weightedAverageShsOutDil": 5969782550,
    "link": null,
    "finalLink": null
  },
  {
    "date": "2022-06-30",
    "symbol": "SSNLF",
    "reportedCurrency": "KRW",
    "cik": "0000000000",
    "fillingDate": "2022-06-30",
    "acceptedDate": "2022-06-30 00:00:00",
    "calendarYear": "2022",
    "period": "Q2",
    "revenue": 77203607000000,
    "costOfRevenue": 46269748000000,
    "grossProfit": 30933859000000,
    "grossProfitRatio": 0.4006789346,
    "researchAndDevelopmentExpenses": 6254874000000,
    "generalAndAdministrativeExpenses": 1516418000000,
    "sellingAndMarketingExpenses": 6562446000000,
    "sellingGeneralAndAdministrativeExpenses": 8078864000000,
    "otherExpenses": 2503076000000,
    "operatingExpenses": 16836814000000,
    "costAndExpenses": 63106562000000,
    "interestIncome": 487194000000,
    "interestExpense": 123064000000,
    "depreciationAndAmortization": 10308593000000,
    "ebitda": 24405638000000,
    "ebitdaratio": 0.3161204372,
    "operatingIncome": 14097045000000,
    "operatingIncomeRatio": 0.1825956785,
    "totalOtherIncomeExpensesNet": 363713000000,
    "incomeBeforeTax": 14460758000000,
    "incomeBeforeTaxRatio": 0.1873067666,
    "incomeTaxExpense": 3361953000000,
    "netIncome": 10954515000000,
    "netIncomeRatio": 0.1418912331,
    "eps": 1834.99,
    "epsdiluted": 1834.99,
    "weightedAverageShsOut": 5969782550,
    "weightedAverageShsOutDil": 5969782550,
    "link": null,
    "finalLink": null
  },
  {
    "date": "2022-03-31",
    "symbol": "SSNLF",
    "reportedCurrency": "KRW",
    "cik": "0000000000",
    "fillingDate": "2022-03-31",
    "acceptedDate": "2022-03-31 00:00:00",
    "calendarYear": "2022",
    "period": "Q1",
    "revenue": 77781498000000,
    "costOfRevenue": 47072057000000,
    "grossProfit": 30709441000000,
    "grossProfitRatio": 0.3948167853,
    "researchAndDevelopmentExpenses": 5922232000000,
    "generalAndAdministrativeExpenses": 1273251000000,
    "sellingAndMarketingExpenses": 6772667000000,
    "sellingGeneralAndAdministrativeExpenses": 8045918000000,
    "otherExpenses": 2619882000000,
    "operatingExpenses": 16588032000000,
    "costAndExpenses": 63660089000000,
    "interestIncome": 369032000000,
    "interestExpense": 149231000000,
    "depreciationAndAmortization": 10819357000000,
    "ebitda": 24940766000000,
    "ebitdaratio": 0.3206516542,
    "operatingIncome": 14121409000000,
    "operatingIncomeRatio": 0.181552289,
    "totalOtherIncomeExpensesNet": 948431000000,
    "incomeBeforeTax": 15069840000000,
    "incomeBeforeTaxRatio": 0.1937458186,
    "incomeTaxExpense": 3745212000000,
    "netIncome": 11129094000000,
    "netIncomeRatio": 0.1430815076,
    "eps": 1638.4,
    "epsdiluted": 1638,
    "weightedAverageShsOut": 6792670000,
    "weightedAverageShsOutDil": 6794318681,
    "link": null,
    "finalLink": null
  }
]