[
  {
    "date": "2024-09-29",
    "symbol": "QCOM",
    "reportedCurrency": "USD",
    "cik": "0000804328",
    "fillingDate": "2024-11-06",
    "acceptedDate": "2024-11-06 16:09:04",
    "calendarYear": "2024",
    "period": "Q4",
    "revenue": 10244000000,
    "costOfRevenue": 4467000000,
    "grossProfit": 5777000000,
    "grossProfitRatio": 0.5639398672,
    "researchAndDevelopmentExpenses": 2302000000,
    "generalAndAdministrativeExpenses": 0,
    "sellingAndMarketingExpenses": 0,
    "sellingGeneralAndAdministrativeExpenses": 762000000,
    "otherExpenses": 132000000,
    "operatingExpenses": 3196000000,
    "costAndExpenses": 7663000000,
    "interestIncome": 0,
    "interestExpense": -178000000,
    "depreciationAndAmortization": 0,
    "ebitda": 2581000000,
    "ebitdaratio": 0.2519523624,
    "operatingIncome": 2581000000,
    "operatingIncomeRatio": 0.2519523624,
    "totalOtherIncomeExpensesNet": 16000000,
    "incomeBeforeTax": 2597000000,
    "incomeBeforeTaxRatio": 0.2535142522,
    "incomeTaxExpense": 318000000,
    "netIncome": 2920000000,
    "netIncomeRatio": 0.2850449043,
    "eps": 2.62,
    "epsdiluted": 2.59,
    "weightedAverageShsOut": 1115000000,
    "weightedAverageShsOutDil": 1129000000,
    "link": "https://www.sec.gov/Archives/edgar/data/804328/000080432824000075/0000804328-24-000075-index.htm",
    "finalLink": "https://www.sec.gov/Archives/edgar/data/804328/000080432824000075/qcom-20240929.htm"
  },
  {
    "date": "2024-06-23",
    "symbol": "QCOM",
    "reportedCurrency": "USD",
    "cik": "0000804328",
    "fillingDate": "2024-07-31",
    "acceptedDate": "2024-07-31 16:02:08",
    "calendarYear": "2024",
    "period": "Q3",
    "revenue": 9393000000,
    "costOfRevenue": 4174000000,
    "grossProfit": 5219000000,
    "grossProfitRatio": 0.5556265304,
    "researchAndDevelopmentExpenses": 2259000000,
    "generalAndAdministrativeExpenses": 0,
    "sellingAndMarketingExpenses": 0,
    "sellingGeneralAndAdministrativeExpenses": 664000000,
    "otherExpenses": 31000000,
    "operatingExpenses": 2923000000,
    "costAndExpenses": 7097000000,
    "interestIncome": 182000000,
    "interestExpense": 168000000,
    "depreciationAndAmortization": 419000000,
    "ebitda": 2715000000,
    "ebitdaratio": 0.2890450335,
    "operatingIncome": 2296000000,
    "operatingIncomeRatio": 0.244437347,
    "totalOtherIncomeExpensesNet": -17000000,
    "incomeBeforeTax": 2279000000,
    "incomeBeforeTaxRatio": 0.2426274886,
    "incomeTaxExpense": 171000000,
    "netIncome": 2129000000,
    "netIncomeRatio": 0.2266581497,
    "eps": 1.91,
    "epsdiluted": 1.88,
    "weightedAverageShsOut": 1116000000,
    "weightedAverageShsOutDil": 1134000000,
    "link": "https://www.sec.gov/Archives/edgar/data/804328/000080432824000056/0000804328-24-000056-index.htm",
    "finalLink": "https://www.sec.gov/Archives/edgar/data/804328/000080432824000056/qcom-20240623.htm"
  },
  {
    "date": "2024-03-24",
    "symbol": "QCOM",
    "reportedCurrency": "USD",
    "cik": "0000804328",
    "fillingDate": "2024-05-01",
    "acceptedDate": "2024-05-01 16:06:32",
    "calendarYear": "2024",
    "period": "Q2",
    "revenue": 9389000000,
    "costOfRevenue": 4106000000,
    "grossProfit": 5283000000,
    "grossProfitRatio": 0.5626797316,
    "researchAndDevelopmentExpenses": 2236000000,
    "generalAndAdministrativeExpenses": 0,
    "sellingAndMarketingExpenses": 0,
    "sellingGeneralAndAdministrativeExpenses": 707000000,
    "otherExpenses": 62000000,
    "operatingExpenses": 2943000000,
    "costAndExpenses": 7049000000,
    "interestIncome": 160000000,
    "interestExpense": 172000000,
    "depreciationAndAmortization": 411000000,
    "ebitda": 2751000000,
    "ebitdaratio": 0.2930024497,
    "operatingIncome": 2340000000,
    "operatingIncomeRatio": 0.2492278198,
    "totalOtherIncomeExpensesNet": 158000000,
    "incomeBeforeTax": 2498000000,
    "incomeBeforeTaxRatio": 0.266056023,
    "incomeTaxExpense": 223000000,
    "netIncome": 2326000000,
    "netIncomeRatio": 0.2477367132,
    "eps": 2.08,
    "epsdiluted": 2.06,
    "weightedAverageShsOut": 1117000000,
    "weightedAverageShsOutDil": 1130000000,
    "link": "https://www.sec.gov/Archives/edgar/data/804328/000080432824000039/0000804328-24-000039-index.htm",
    "finalLink": "https://www.sec.gov/Archives/edgar/data/804328/000080432824000039/qcom-20240324.htm"
  },
  {
    "date": "2023-12-24",
    "symbol": "QCOM",
    "reportedCurrency": "USD",
    "cik": "0000804328",
    "fillingDate": "2024-01-31",
    "acceptedDate": "2024-01-31 16:10:22",
    "calendarYear": "2024",
    "period": "Q1",
    "revenue": 9935000000,
    "costOfRevenue": 4312000000,
    "grossProfit": 5623000000,
    "grossProfitRatio": 0.5659788626,
    "researchAndDevelopmentExpenses": 2096000000,
    "generalAndAdministrativeExpenses": 0,
    "sellingAndMarketingExpenses": 0,
    "sellingGeneralAndAdministrativeExpenses": 627000000,
    "otherExpenses": 66000000,
    "operatingExpenses": 2695000000,
    "costAndExpenses": 7007000000,
    "interestIncome": 149000000,
    "interestExpense": 178000000,
    "depreciationAndAmortization": 437000000,
    "ebitda": 3580000000,
    "ebitdaratio": 0.3603422245,
    "operatingIncome": 2928000000,
    "operatingIncomeRatio": 0.2947156517,
    "totalOtherIncomeExpensesNet": 63000000,
    "incomeBeforeTax": 2962000000,
    "incomeBeforeTaxRatio": 0.2981378963,
    "incomeTaxExpense": 151000000,
    "netIncome": 2767000000,
    "netIncomeRatio": 0.2785103171,
    "eps": 2.48,
    "epsdiluted": 2.46,
    "weightedAverageShsOut": 1116000000,
    "weightedAverageShsOutDil": 1127000000,
    "link": "https://www.sec.gov/Archives/edgar/data/804328/000080432824000017/0000804328-24-000017-index.htm",
    "finalLink": "https://www.sec.gov/Archives/edgar/data/804328/000080432824000017/qcom-20231224.htm"
  },
  {
    "date": "2023-09-24",
    "symbol": "QCOM",
    "reportedCurrency": "USD",
    "cik": "0000804328",
    "fillingDate": "2023-11-01",
    "acceptedDate": "2023-11-01 16:10:50",
    "calendarYear": "2023",
    "period": "Q4",
    "revenue": 8631000000,
    "costOfRevenue": 3880000000,
    "grossProfit": 4751000000,
    "grossProfitRatio": 0.5504576526,
    "researchAndDevelopmentExpenses": 2135000000,
    "generalAndAdministrativeExpenses": 0,
    "sellingAndMarketingExpenses": 0,
    "sellingGeneralAndAdministrativeExpenses": 628000000,
    "otherExpenses": 7000000,
    "operatingExpenses": 3340000000,
    "costAndExpenses": 7220000000,
    "interestIncome": 120000000,
    "interestExpense": 174000000,
    "depreciationAndAmortization": 462000000,
    "ebitda": 1873000000,
    "ebitdaratio": 0.2170084579,
    "operatingIncome": 1411000000,
    "operatingIncomeRatio": 0.1634804773,
    "totalOtherIncomeExpensesNet": 183000000,
    "incomeBeforeTax": 1420000000,
    "incomeBeforeTaxRatio": 0.1645232302,
    "incomeTaxExpense": -209000000,
    "netIncome": 1490000000,
    "netIncomeRatio": 0.1726335303,
    "eps": 1.33,
    "epsdiluted": 1.32,
    "weightedAverageShsOut": 1116000000,
    "weightedAverageShsOutDil": 1125000000,
    "link": "https://www.sec.gov/Archives/edgar/data/804328/000080432823000055/0000804328-23-000055-index.htm",
    "finalLink": "https://www.sec.gov/Archives/edgar/data/804328/000080432823000055/qcom-20230924.htm"
  },
  {
    "date": "2023-06-25",
    "symbol": "QCOM",
    "reportedCurrency": "USD",
    "cik": "0000804328",
    "fillingDate": "2023-08-02",
    "acceptedDate": "2023-08-02 16:03:11",
    "calendarYear": "2023",
    "period": "Q3",
    "revenue": 8451000000,
    "costOfRevenue": 3792000000,
    "grossProfit": 4659000000,
    "grossProfitRatio": 0.5512957047,
    "researchAndDevelopmentExpenses": 2222000000,
    "generalAndAdministrativeExpenses": 0,
    "sellingAndMarketingExpenses": 0,
    "sellingGeneralAndAdministrativeExpenses": 618000000,
    "otherExpenses": 52000000,
    "operatingExpenses": 2840000000,
    "costAndExpenses": 6632000000,
    "interestIncome": 79000000,
    "interestExpense": 172000000,
    "depreciationAndAmortization": 479000000,
    "ebitda": 2429000000,
    "ebitdaratio": 0.2874216069,
    "operatingIncome": 1823000000,
    "operatingIncomeRatio": 0.2157141167,
    "totalOtherIncomeExpensesNet": 31000000,
    "incomeBeforeTax": 1757000000,
    "incomeBeforeTaxRatio": 0.20790439,
    "incomeTaxExpense": 22000000,
    "netIncome": 1803000000,
    "netIncomeRatio": 0.2133475328,
    "eps": 1.62,
    "epsdiluted": 1.6,
    "weightedAverageShsOut": 1115000000,
    "weightedAverageShsOutDil": 1124000000,
    "link": "https://www.sec.gov/Archives/edgar/data/804328/000080432823000043/0000804328-23-000043-index.htm",
    "finalLink": "https://www.sec.gov/Archives/edgar/data/804328/000080432823000043/qcom-20230625.htm"
  },
  {
    "date": "2023-03-26",
    "symbol": "QCOM",
    "reportedCurrency": "USD",
    "cik": "0000804328",
    "fillingDate": "2023-05-03",
    "acceptedDate": "2023-05-03 16:06:57",
    "calendarYear": "2023",
    "period": "Q2",
    "revenue": 9275000000,
    "costOfRevenue": 4153000000,
    "grossProfit": 5122000000,
    "grossProfitRatio": 0.5522371968,
    "researchAndDevelopmentExpenses": 2210000000,
    "generalAndAdministrativeExpenses": 0,
    "sellingAndMarketingExpenses": 0,
    "sellingGeneralAndAdministrativeExpenses": 614000000,
    "otherExpenses": 208000000,
    "operatingExpenses": 3032000000,
    "costAndExpenses": 7185000000,
    "interestIncome": 59000000,
    "interestExpense": 179000000,
    "depreciationAndAmortization": 470000000,
    "ebitda": 2560000000,
    "ebitdaratio": 0.2760107817,
    "operatingIncome": 2090000000,
    "operatingIncomeRatio": 0.2253369272,
    "totalOtherIncomeExpensesNet": -195000000,
    "incomeBeforeTax": 1895000000,
    "incomeBeforeTaxRatio": 0.2043126685,
    "incomeTaxExpense": 193000000,
    "netIncome": 1704000000,
    "netIncomeRatio": 0.1837196765,
    "eps": 1.53,
    "epsdiluted": 1.52,
    "weightedAverageShsOut": 1116000000,
    "weightedAverageShsOutDil": 1123000000,
    "link": "https://www.sec.gov/Archives/edgar/data/804328/000080432823000023/0000804328-23-000023-index.htm",
    "finalLink": "https://www.sec.gov/Archives/edgar/data/804328/000080432823000023/qcom-20230326.htm"
  },
  {
    "date": "2022-12-25",
    "symbol": "QCOM",
    "reportedCurrency": "USD",
    "cik": "0000804328",
    "fillingDate": "2023-02-02",
    "acceptedDate": "2023-02-02 16:05:50",
    "calendarYear": "2023",
    "period": "Q1",
    "revenue": 9463000000,
    "costOfRevenue": 4044000000,
    "grossProfit": 5419000000,
    "grossProfitRatio": 0.5726513791,
    "researchAndDevelopmentExpenses": 2251000000,
    "generalAndAdministrativeExpenses": 0,
    "sellingAndMarketingExpenses": 0,
    "sellingGeneralAndAdministrativeExpenses": 623000000,
    "otherExpenses": 80000000,
    "operatingExpenses": 2954000000,
    "costAndExpenses": 6998000000,
    "interestIncome": 55000000,
    "interestExpense": 170000000,
    "depreciationAndAmortization": 398000000,
    "ebitda": 2863000000,
    "ebitdaratio": 0.3025467611,
    "operatingIncome": 2465000000,
    "operatingIncomeRatio": 0.2604882173,
    "totalOtherIncomeExpensesNet": -94000000,
    "incomeBeforeTax": 2371000000,
    "incomeBeforeTaxRatio": 0.2505547923,
    "incomeTaxExpense": 98000000,
    "netIncome": 2235000000,
    "netIncomeRatio": 0.2361830286,
    "eps": 1.99,
    "epsdiluted": 1.98,
    "weightedAverageShsOut": 1122000000,
    "weightedAverageShsOutDil": 1131000000,
    "link": "https://www.sec.gov/Archives/edgar/data/804328/000080432823000006/0000804328-23-000006-index.htm",
    "finalLink": "https://www.sec.gov/Archives/edgar/data/804328/000080432823000006/qcom-20221225.htm"
  },
  {
    "date": "2022-09-25",
    "symbol": "QCOM",
    "reportedCurrency": "USD",
    "cik": "0000804328",
    "fillingDate": "2022-11-02",
    "acceptedDate": "2022-11-02 16:04:10",
    "calendarYear": "2022",
    "period": "Q4",
    "revenue": 11395000000,
    "costOfRevenue": 4868000000,
    "grossProfit": 6527000000,
    "grossProfitRatio": 0.5727950856,
    "researchAndDevelopmentExpenses": 2178000000,
    "generalAndAdministrativeExpenses": 0,
    "sellingAndMarketingExpenses": 0,
    "sellingGeneralAndAdministrativeExpenses": 683000000,
    "otherExpenses": -31000000,
    "operatingExpenses": 1802000000,
    "costAndExpenses": 6670000000,
    "interestIncome": 32000000,
    "interestExpense": 145000000,
    "depreciationAndAmortization": 490000000,
    "ebitda": 5204000000,
    "ebitdaratio": 0.4566915314,
    "operatingIncome": 3666000000,
    "operatingIncomeRatio": 0.3217200527,
    "totalOtherIncomeExpensesNet": -1142000000,
    "incomeBeforeTax": 3470000000,
    "incomeBeforeTaxRatio": 0.3045195261,
    "incomeTaxExpense": 547000000,
    "netIncome": 2873000000,
    "netIncomeRatio": 0.2521281264,
    "eps": 2.56,
    "epsdiluted": 2.53,
    "weightedAverageShsOut": 1120000000,
    "weightedAverageShsOutDil": 1131000000,
    "link": "https://www.sec.gov/Archives/edgar/data/804328/000080432822000021/0000804328-22-000021-index.htm",
    "finalLink": "https://www.sec.gov/Archives/edgar/data/804328/000080432822000021/qcom-20220925.htm"
  },
  {
    "date": "2022-06-26",
    "symbol": "QCOM",
    "reportedCurrency": "USD",
    "cik": "0000804328",
    "fillingDate": "2022-07-27",
    "acceptedDate": "2022-07-27 16:04:54",
    "calendarYear": "2022",
    "period": "Q3",
    "revenue": 10936000000,
    "costOfRevenue": 4816000000,
    "grossProfit": 6120000000,
    "grossProfitRatio": 0.559619605,
    "researchAndDevelopmentExpenses": 2052000000,
    "generalAndAdministrativeExpenses": 0,
    "sellingAndMarketingExpenses": 0,
    "sellingGeneralAndAdministrativeExpenses": 655000000,
    "otherExpenses": -80000000,
    "operatingExpenses": 2707000000,
    "costAndExpenses": 7523000000,
    "interestIncome": 22000000,
    "interestExpense": 70000000,
    "depreciationAndAmortization": 438000000,
    "ebitda": 3851000000,
    "ebitdaratio": 0.352139722,
    "operatingIncome": 3413000000,
    "operatingIncomeRatio": 0.312088515,
    "totalOtherIncomeExpensesNet": 826000000,
    "incomeBeforeTax": 4239000000,
    "incomeBeforeTaxRatio": 0.3876188734,
    "incomeTaxExpense": 509000000,
    "netIncome": 3730000000,
    "netIncomeRatio": 0.3410753475,
    "eps": 3.32,
    "epsdiluted": 3.29,
    "weightedAverageShsOut": 1122000000,
    "weightedAverageShsOutDil": 1134000000,
    "link": "https://www.sec.gov/Archives/edgar/data/804328/000172894922000040/0001728949-22-000040-index.htm",
    "finalLink": "https://www.sec.gov/Archives/edgar/data/804328/000172894922000040/qcom-20220626.htm"
  },
  {
    "date": "2022-03-27",
    "symbol": "QCOM",
    "reportedCurrency": "USD",
    "cik": "0000804328",
    "fillingDate": "2022-04-27",
    "acceptedDate": "2022-04-27 16:04:14",
    "calendarYear": "2022",
    "period": "Q2",
    "revenue": 11164000000,
    "costOfRevenue": 4648000000,
    "grossProfit": 6516000000,
    "grossProfitRatio": 0.58366177,
    "researchAndDevelopmentExpenses": 2034000000,
    "generalAndAdministrativeExpenses": 0,
    "sellingAndMarketingExpenses": 0,
    "sellingGeneralAndAdministrativeExpenses": 624000000,
    "otherExpenses": -43000000,
    "operatingExpenses": 2658000000,
    "costAndExpenses": 7306000000,
    "interestIncome": 20000000,
    "interestExpense": 137000000,
    "depreciationAndAmortization": 428000000,
    "ebitda": 4273000000,
    "ebitdaratio": 0.382748119,
    "operatingIncome": 3858000000,
    "operatingIncomeRatio": 0.3455750627,
    "totalOtherIncomeExpensesNet": -435000000,
    "incomeBeforeTax": 3423000000,
    "incomeBeforeTaxRatio": 0.3066105339,
    "incomeTaxExpense": 489000000,
    "netIncome": 2934000000,
    "netIncomeRatio": 0.262809029,
    "eps": 2.61,
    "epsdiluted": 2.57,
    "weightedAverageShsOut": 1125000000,
    "weightedAverageShsOutDil": 1140000000,
    "link": "https://www.sec.gov/Archives/edgar/data/804328/000172894922000026/0001728949-22-000026-index.htm",
    "finalLink": "https://www.sec.gov/Archives/edgar/data/804328/000172894922000026/qcom-20220327.htm"
  },
  {
    "date": "2021-12-26",
    "symbol": "QCOM",
    "reportedCurrency": "USD",
    "cik": "0000804328",
    "fillingDate": "2022-02-02",
    "acceptedDate": "2022-02-02 16:04:52",
    "calendarYear": "2022",
    "period": "Q1",
    "revenue": 10705000000,
    "costOfRevenue": 4303000000,
    "grossProfit": 6402000000,
    "grossProfitRatio": 0.5980382999,
    "researchAndDevelopmentExpenses": 1930000000,
    "generalAndAdministrativeExpenses": 0,
    "sellingAndMarketingExpenses": 0,
    "sellingGeneralAndAdministrativeExpenses": 608000000,
    "otherExpenses": 13000000,
    "operatingExpenses": 2538000000,
    "costAndExpenses": 6841000000,
    "interestIncome": 17000000,
    "interestExpense": 139000000,
    "depreciationAndAmortization": 406000000,
    "ebitda": 4307000000,
    "ebitdaratio": 0.4023353573,
    "operatingIncome": 3864000000,
    "operatingIncomeRatio": 0.3609528258,
    "totalOtherIncomeExpensesNet": 123000000,
    "incomeBeforeTax": 3865000000,
    "incomeBeforeTaxRatio": 0.3610462401,
    "incomeTaxExpense": 466000000,
    "netIncome": 3399000000,
    "netIncomeRatio": 0.3175151798,
    "eps": 3.02,
    "epsdiluted": 2.98,
    "weightedAverageShsOut": 1124000000,
    "weightedAverageShsOutDil": 1142000000,
    "link": "https://www.sec.gov/Archives/edgar/data/804328/000172894922000012/0001728949-22-000012-index.htm",
    "finalLink": "https://www.sec.gov/Archives/edgar/data/804328/000172894922000012/qcom-20211226.htm"
  },
  {
    "date": "2021-09-26",
    "symbol": "QCOM",
    "reportedCurrency": "USD",
    "cik": "0000804328",
    "fillingDate": "2021-11-03",
    "acceptedDate": "2021-11-03 16:06:41",
    "calendarYear": "2021",
    "period": "Q4",
    "revenue": 9336000000,
    "costOfRevenue": 3937000000,
    "grossProfit": 5399000000,
    "grossProfitRatio": 0.5782990574,
    "researchAndDevelopmentExpenses": 1878000000,
    "generalAndAdministrativeExpenses": 0,
    "sellingAndMarketingExpenses": 0,
    "sellingGeneralAndAdministrativeExpenses": 619000000,
    "otherExpenses": 15000000,
    "operatingExpenses": 2497000000,
    "costAndExpenses": 6434000000,
    "interestIncome": 20000000,
    "interestExpense": 138000000,
    "depreciationAndAmortization": 425000000,
    "ebitda": 3327000000,
    "ebitdaratio": 0.3563624679,
    "operatingIncome": 2902000000,
    "operatingIncomeRatio": 0.3108397601,
    "totalOtherIncomeExpensesNet": 521000000,
    "incomeBeforeTax": 3285000000,
    "incomeBeforeTaxRatio": 0.3518637532,
    "incomeTaxExpense": 487000000,
    "netIncome": 2798000000,
    "netIncomeRatio": 0.2997000857,
    "eps": 2.48,
    "epsdiluted": 2.45,
    "weightedAverageShsOut": 1129000000,
    "weightedAverageShsOutDil": 1144000000,
    "link": "https://www.sec.gov/Archives/edgar/data/804328/000172894921000076/0001728949-21-000076-index.htm",
    "finalLink": "https://www.sec.gov/Archives/edgar/data/804328/000172894921000076/qcom-20210926.htm"
  },
  {
    "date": "2021-06-27",
    "symbol": "QCOM",
    "reportedCurrency": "USD",
    "cik": "0000804328",
    "fillingDate": "2021-07-28",
    "acceptedDate": "2021-07-28 16:03:00",
    "calendarYear": "2021",
    "period": "Q3",
    "revenue": 8060000000,
    "costOfRevenue": 3404000000,
    "grossProfit": 4656000000,
    "grossProfitRatio": 0.5776674938,
    "researchAndDevelopmentExpenses": 1864000000,
    "generalAndAdministrativeExpenses": 0,
    "sellingAndMarketingExpenses": 0,
    "sellingGeneralAndAdministrativeExpenses": 597000000,
    "otherExpenses": 38000000,
    "operatingExpenses": 2461000000,
    "costAndExpenses": 5865000000,
    "interestIncome": 21000000,
    "interestExpense": 138000000,
    "depreciationAndAmortization": 406000000,
    "ebitda": 2661000000,
    "ebitdaratio": 0.3301488834,
    "operatingIncome": 2195000000,
    "operatingIncomeRatio": 0.2723325062,
    "totalOtherIncomeExpensesNet": 179000000,
    "incomeBeforeTax": 2257000000,
    "incomeBeforeTaxRatio": 0.2800248139,
    "incomeTaxExpense": 230000000,
    "netIncome": 2027000000,
    "netIncomeRatio": 0.2514888337,
    "eps": 1.8,
    "epsdiluted": 1.77,
    "weightedAverageShsOut": 1129000000,
    "weightedAverageShsOutDil": 1145000000,
    "link": "https://www.sec.gov/Archives/edgar/data/804328/000172894921000066/0001728949-21-000066-index.htm",
    "finalLink": "https://www.sec.gov/Archives/edgar/data/804328/000172894921000066/qcom-20210627.htm"
  },
  {
    "date": "2021-03-28",
    "symbol": "QCOM",
    "reportedCurrency": "USD",
    "cik": "0000804328",
    "fillingDate": "2021-04-28",
    "acceptedDate": "2021-04-28 16:03:03",
    "calendarYear": "2021",
    "period": "Q2",
    "revenue": 7935000000,
    "costOfRevenue": 3432000000,
    "grossProfit": 4503000000,
    "grossProfitRatio": 0.5674858223,
    "researchAndDevelopmentExpenses": 1780000000,
    "generalAndAdministrativeExpenses": 0,
    "sellingAndMarketingExpenses": 0,
    "sellingGeneralAndAdministrativeExpenses": 557000000,
    "otherExpenses": 23000000,
    "operatingExpenses": 2337000000,
    "costAndExpenses": 5769000000,
    "interestIncome": 22000000,
    "interestExpense": 141000000,
    "depreciationAndAmortization": 387000000,
    "ebitda": 2610000000,
    "ebitdaratio": 0.3289224953,
    "operatingIncome": 2166000000,
    "operatingIncomeRatio": 0.2729678639,
    "totalOtherIncomeExpensesNet": 82000000,
    "incomeBeforeTax": 2129000000,
    "incomeBeforeTaxRatio": 0.2683049779,
    "incomeTaxExpense": 367000000,
    "netIncome": 1762000000,
    "netIncomeRatio": 0.2220541903,
    "eps": 1.55,
    "epsdiluted": 1.53,
    "weightedAverageShsOut": 1133000000,
    "weightedAverageShsOutDil": 1151000000,
    "link": "https://www.sec.gov/Archives/edgar/data/804328/000172894921000043/0001728949-21-000043-index.htm",
    "finalLink": "https://www.sec.gov/Archives/edgar/data/804328/000172894921000043/qcom-20210328.htm"
  },
  {
    "date": "2020-12-27",
    "symbol": "QCOM",
    "reportedCurrency": "USD",
    "cik": "0000804328",
    "fillingDate": "2021-02-03",
    "acceptedDate": "2021-02-03 16:04:19",
    "calendarYear": "2021",
    "period": "Q1",
    "revenue": 8235000000,
    "costOfRevenue": 3489000000,
    "grossProfit": 4746000000,
    "grossProfitRatio": 0.5763205829,
    "researchAndDevelopmentExpenses": 1653000000,
    "generalAndAdministrativeExpenses": 0,
    "sellingAndMarketingExpenses": 0,
    "sellingGeneralAndAdministrativeExpenses": 567000000,
    "otherExpenses": 54000000,
    "operatingExpenses": 2220000000,
    "costAndExpenses": 5709000000,
    "interestIncome": 21000000,
    "interestExpense": 141000000,
    "depreciationAndAmortization": 364000000,
    "ebitda": 2963000000,
    "ebitdaratio": 0.3598057073,
    "operatingIncome": 2526000000,
    "operatingIncomeRatio": 0.3067395264,
    "totalOtherIncomeExpensesNet": 198000000,
    "incomeBeforeTax": 2604000000,
    "incomeBeforeTaxRatio": 0.3162112933,
    "incomeTaxExpense": 149000000,
    "netIncome": 2455000000,
    "netIncomeRatio": 0.2981177899,
    "eps": 2.16,
    "epsdiluted": 2.12,
    "weightedAverageShsOut": 1134000000,
    "weightedAverageShsOutDil": 1156000000,
    "link": "https://www.sec.gov/Archives/edgar/data/804328/000172894921000022/0001728949-21-000022-index.htm",
    "finalLink": "https://www.sec.gov/Archives/edgar/data/804328/000172894921000022/qcom-20201227.htm"
  },
  {
    "date": "2020-09-27",
    "symbol": "QCOM",
    "reportedCurrency": "USD",
    "cik": "0000804328",
    "fillingDate": "2020-11-04",
    "acceptedDate": "2020-11-04 17:19:44",
    "calendarYear": "2020",
    "period": "Q4",
    "revenue": 8346000000,
    "costOfRevenue": 2766000000,
    "grossProfit": 5580000000,
    "grossProfitRatio": 0.6685837527,
    "researchAndDevelopmentExpenses": 1583000000,
    "generalAndAdministrativeExpenses": 0,
    "sellingAndMarketingExpenses": 0,
    "sellingGeneralAndAdministrativeExpenses": 551000000,
    "otherExpenses": 31000000,
    "operatingExpenses": 2128000000,
    "costAndExpenses": 4894000000,
    "interestIncome": 21000000,
    "interestExpense": 166000000,
    "depreciationAndAmortization": 339000000,
    "ebitda": 3791000000,
    "ebitdaratio": 0.4542295711,
    "operatingIncome": 3452000000,
    "operatingIncomeRatio": 0.4136113108,
    "totalOtherIncomeExpensesNet": 20000000,
    "incomeBeforeTax": 3306000000,
    "incomeBeforeTaxRatio": 0.3961179008,
    "incomeTaxExpense": 346000000,
    "netIncome": 2960000000,
    "netIncomeRatio": 0.3546609154,
    "eps": 2.62,
    "epsdiluted": 2.58,
    "weightedAverageShsOut": 1130000000,
    "weightedAverageShsOutDil": 1148000000,
    "link": "https://www.sec.gov/Archives/edgar/data/804328/000172894920000067/0001728949-20-000067-index.htm",
    "finalLink": "https://www.sec.gov/Archives/edgar/data/804328/000172894920000067/qcom-20200927.htm"
  },
  {
    "date": "2020-06-28",
    "symbol": "QCOM",
    "reportedCurrency": "USD",
    "cik": "0000804328",
    "fillingDate": "2020-07-29",
    "acceptedDate": "2020-07-29 16:17:38",
    "calendarYear": "2020",
    "period": "Q3",
    "revenue": 4893000000,
    "costOfRevenue": 2080000000,
    "grossProfit": 2813000000,
    "grossProfitRatio": 0.5749029225,
    "researchAndDevelopmentExpenses": 1520000000,
    "generalAndAdministrativeExpenses": 0,
    "sellingAndMarketingExpenses": 0,
    "sellingGeneralAndAdministrativeExpenses": 511000000,
    "otherExpenses": 57000000,
    "operatingExpenses": 2031000000,
    "costAndExpenses": 4111000000,
    "interestIncome": 30000000,
    "interestExpense": 143000000,
    "depreciationAndAmortization": 363000000,
    "ebitda": 1226000000,
    "ebitdaratio": 0.2505620274,
    "operatingIncome": 782000000,
    "operatingIncomeRatio": 0.1598201512,
    "totalOtherIncomeExpensesNet": 199000000,
    "incomeBeforeTax": 868000000,
    "incomeBeforeTaxRatio": 0.1773962804,
    "incomeTaxExpense": 23000000,
    "netIncome": 845000000,
    "netIncomeRatio": 0.1726956877,
    "eps": 0.75,
    "epsdiluted": 0.74,
    "weightedAverageShsOut": 1127000000,
    "weightedAverageShsOutDil": 1139000000,
    "link": "https://www.sec.gov/Archives/edgar/data/804328/000172894920000057/0001728949-20-000057-index.htm",
    "finalLink": "https://www.sec.gov/Archives/edgar/data/804328/000172894920000057/qcom-20200628.htm"
  },
  {
    "date": "2020-03-29",
    "symbol": "QCOM",
    "reportedCurrency": "USD",
    "cik": "0000804328",
    "fillingDate": "2020-04-29",
    "acceptedDate": "2020-04-29 16:15:43",
    "calendarYear": "2020",
    "period": "Q2",
    "revenue": 5216000000,
    "costOfRevenue": 2297000000,
    "grossProfit": 2919000000,
    "grossProfitRatio": 0.5596242331,
    "researchAndDevelopmentExpenses": 1468000000,
    "generalAndAdministrativeExpenses": 0,
    "sellingAndMarketingExpenses": 0,
    "sellingGeneralAndAdministrativeExpenses": 483000000,
    "otherExpenses": -72000000,
    "operatingExpenses": 1928000000,
    "costAndExpenses": 4225000000,
    "interestIncome": 47000000,
    "interestExpense": 146000000,
    "depreciationAndAmortization": 340000000,
    "ebitda": 1300000000,
    "ebitdaratio": 0.2492331288,
    "operatingIncome": 991000000,
    "operatingIncomeRatio": 0.1899923313,
    "totalOtherIncomeExpensesNet": -294000000,
    "incomeBeforeTax": 598000000,
    "incomeBeforeTaxRatio": 0.1146472393,
    "incomeTaxExpense": 130000000,
    "netIncome": 468000000,
    "netIncomeRatio": 0.0897239264,
    "eps": 0.41,
    "epsdiluted": 0.41,
    "weightedAverageShsOut": 1139000000,
    "weightedAverageShsOutDil": 1151000000,
    "link": "https://www.sec.gov/Archives/edgar/data/804328/000172894920000031/0001728949-20-000031-index.htm",
    "finalLink": "https://www.sec.gov/Archives/edgar/data/804328/000172894920000031/qcom-20200329.htm"
  },
  {
    "date": "2019-12-29",
    "symbol": "QCOM",
    "reportedCurrency": "USD",
    "cik": "0000804328",
    "fillingDate": "2020-02-05",
    "acceptedDate": "2020-02-05 16:07:43",
    "calendarYear": "2020",
    "period": "Q1",
    "revenue": 5077000000,
    "costOfRevenue": 2113000000,
    "grossProfit": 2964000000,
    "grossProfitRatio": 0.5838093362,
    "researchAndDevelopmentExpenses": 1406000000,
    "generalAndAdministrativeExpenses": 0,
    "sellingAndMarketingExpenses": 0,
    "sellingGeneralAndAdministrativeExpenses": 528000000,
    "otherExpenses": 0,
    "operatingExpenses": 1934000000,
    "costAndExpenses": 4047000000,
    "interestIncome": 69000000,
    "interestExpense": 148000000,
    "depreciationAndAmortization": 351000000,
    "ebitda": 1440000000,
    "ebitdaratio": 0.2836320662,
    "operatingIncome": 1030000000,
    "operatingIncomeRatio": 0.202875714,
    "totalOtherIncomeExpensesNet": -4000000,
    "incomeBeforeTax": 947000000,
    "incomeBeforeTaxRatio": 0.1865274769,
    "incomeTaxExpense": 22000000,
    "netIncome": 925000000,
    "netIncomeRatio": 0.1821942092,
    "eps": 0.81,
    "epsdiluted": 0.8,
    "weightedAverageShsOut": 1144000000,
    "weightedAverageShsOutDil": 1159000000,
    "link": "https://www.sec.gov/Archives/edgar/data/804328/000172894920000011/0001728949-20-000011-index.htm",
    "finalLink": "https://www.sec.gov/Archives/edgar/data/804328/000172894920000011/qcom12291910-q.htm"
  },
  {
    "date": "2019-09-29",
    "symbol": "QCOM",
    "reportedCurrency": "USD",
    "cik": "0000804328",
    "fillingDate": "2019-11-06",
    "acceptedDate": "2019-11-06 16:08:43",
    "calendarYear": "2019",
    "period": "Q4",
    "revenue": 4814000000,
    "costOfRevenue": 2118000000,
    "grossProfit": 2696000000,
    "grossProfitRatio": 0.5600332364,
    "researchAndDevelopmentExpenses": 1441000000,
    "generalAndAdministrativeExpenses": 0,
    "sellingAndMarketingExpenses": 0,
    "sellingGeneralAndAdministrativeExpenses": 548000000,
    "otherExpenses": 6000000,
    "operatingExpenses": 1995000000,
    "costAndExpenses": 4113000000,
    "interestIncome": 79000000,
    "interestExpense": 150000000,
    "depreciationAndAmortization": 350000000,
    "ebitda": 1051000000,
    "ebitdaratio": 0.2183215621,
    "operatingIncome": 701000000,
    "operatingIncomeRatio": 0.1456169506,
    "totalOtherIncomeExpensesNet": 64000000,
    "incomeBeforeTax": 615000000,
    "incomeBeforeTaxRatio": 0.1277523889,
    "incomeTaxExpense": 109000000,
    "netIncome": 506000000,
    "netIncomeRatio": 0.1051100956,
    "eps": 0.42,
    "epsdiluted": 0.42,
    "weightedAverageShsOut": 1197000000,
    "weightedAverageShsOutDil": 1211000000,
    "link": "https://www.sec.gov/Archives/edgar/data/804328/000172894919000072/0001728949-19-000072-index.htm",
    "finalLink": "https://www.sec.gov/Archives/edgar/data/804328/000172894919000072/qcom10-k2019.htm"
  },
  {
    "date": "2019-06-30",
    "symbol": "QCOM",
    "reportedCurrency": "USD",
    "cik": "0000804328",
    "fillingDate": "2019-07-31",
    "acceptedDate": "2019-07-31 16:13:42",
    "calendarYear": "2019",
    "period": "Q3",
    "revenue": 9635000000,
    "costOfRevenue": 2114000000,
    "grossProfit": 7521000000,
    "grossProfitRatio": 0.7805915931,
    "researchAndDevelopmentExpenses": 1380000000,
    "generalAndAdministrativeExpenses": 0,
    "sellingAndMarketingExpenses": 0,
    "sellingGeneralAndAdministrativeExpenses": 547000000,
    "otherExpenses": 277000000,
    "operatingExpenses": 2204000000,
    "costAndExpenses": 4318000000,
    "interestIncome": 81000000,
    "interestExpense": 160000000,
    "depreciationAndAmortization": 353000000,
    "ebitda": 5729000000,
    "ebitdaratio": 0.5946030099,
    "operatingIncome": 5317000000,
    "operatingIncomeRatio": 0.5518422418,
    "totalOtherIncomeExpensesNet": 263000000,
    "incomeBeforeTax": 5501000000,
    "incomeBeforeTaxRatio": 0.5709392839,
    "incomeTaxExpense": 3352000000,
    "netIncome": 2149000000,
    "netIncomeRatio": 0.2230409964,
    "eps": 1.77,
    "epsdiluted": 1.75,
    "weightedAverageShsOut": 1217000000,
    "weightedAverageShsOutDil": 1231000000,
    "link": "https://www.sec.gov/Archives/edgar/data/804328/000172894919000055/0001728949-19-000055-index.htm",
    "finalLink": "https://www.sec.gov/Archives/edgar/data/804328/000172894919000055/qcom06301910-q.htm"
  },
  {
    "date": "2019-03-31",
    "symbol": "QCOM",
    "reportedCurrency": "USD",
    "cik": "0000804328",
    "fillingDate": "2019-05-01",
    "acceptedDate": "2019-05-01 16:11:35",
    "calendarYear": "2019",
    "period": "Q2",
    "revenue": 4982000000,
    "costOfRevenue": 2179000000,
    "grossProfit": 2803000000,
    "grossProfitRatio": 0.5626254516,
    "researchAndDevelopmentExpenses": 1308000000,
    "generalAndAdministrativeExpenses": 0,
    "sellingAndMarketingExpenses": 0,
    "sellingGeneralAndAdministrativeExpenses": 573000000,
    "otherExpenses": -18000000,
    "operatingExpenses": 1863000000,
    "costAndExpenses": 4042000000,
    "interestIncome": 80000000,
    "interestExpense": 162000000,
    "depreciationAndAmortization": 345000000,
    "ebitda": 1329000000,
    "ebitdaratio": 0.2667603372,
    "operatingIncome": 940000000,
    "operatingIncomeRatio": 0.1886792453,
    "totalOtherIncomeExpensesNet": -52000000,
    "incomeBeforeTax": 806000000,
    "incomeBeforeTaxRatio": 0.1617824167,
    "incomeTaxExpense": 143000000,
    "netIncome": 663000000,
    "netIncomeRatio": 0.1330790847,
    "eps": 0.55,
    "epsdiluted": 0.55,
    "weightedAverageShsOut": 1213000000,
    "weightedAverageShsOutDil": 1217000000,
    "link": "https://www.sec.gov/Archives/edgar/data/804328/000172894919000036/0001728949-19-000036-index.htm",
    "finalLink": "https://www.sec.gov/Archives/edgar/data/804328/000172894919000036/qcom03311910-q.htm"
  },
  {
    "date": "2018-12-30",
    "symbol": "QCOM",
    "reportedCurrency": "USD",
    "cik": "0000804328",
    "fillingDate": "2019-01-30",
    "acceptedDate": "2019-01-30 16:08:22",
    "calendarYear": "2019",
    "period": "Q1",
    "revenue": 4842000000,
    "costOfRevenue": 2188000000,
    "grossProfit": 2654000000,
    "grossProfitRatio": 0.5481206113,
    "researchAndDevelopmentExpenses": 1269000000,
    "generalAndAdministrativeExpenses": 0,
    "sellingAndMarketingExpenses": 0,
    "sellingGeneralAndAdministrativeExpenses": 526000000,
    "otherExpenses": 149000000,
    "operatingExpenses": 1944000000,
    "costAndExpenses": 4132000000,
    "interestIncome": 74000000,
    "interestExpense": 156000000,
    "depreciationAndAmortization": 353000000,
    "ebitda": 1116000000,
    "ebitdaratio": 0.2304832714,
    "operatingIncome": 710000000,
    "operatingIncomeRatio": 0.1466336225,
    "totalOtherIncomeExpensesNet": -69000000,
    "incomeBeforeTax": 559000000,
    "incomeBeforeTaxRatio": 0.1154481619,
    "incomeTaxExpense": -509000000,
    "netIncome": 1068000000,
    "netIncomeRatio": 0.2205700124,
    "eps": 0.88,
    "epsdiluted": 0.87,
    "weightedAverageShsOut": 1213000000,
    "weightedAverageShsOutDil": 1223000000,
    "link": "https://www.sec.gov/Archives/edgar/data/804328/000172894919000012/0001728949-19-000012-index.htm",
    "finalLink": "https://www.sec.gov/Archives/edgar/data/804328/000172894919000012/qcom12301810-q.htm"
  },
  {
    "date": "2018-09-30",
    "symbol": "QCOM",
    "reportedCurrency": "USD",
    "cik": "0000804328",
    "fillingDate": "2018-11-07",
    "acceptedDate": "2018-11-07 16:15:48",
    "calendarYear": "2018",
    "period": "Q4",
    "revenue": 5803000000,
    "costOfRevenue": 2850000000,
    "grossProfit": 2953000000,
    "grossProfitRatio": 0.50887472,
    "researchAndDevelopmentExpenses": 1388000000,
    "generalAndAdministrativeExpenses": 0,
    "sellingAndMarketingExpenses": 0,
    "sellingGeneralAndAdministrativeExpenses": 689000000,
    "otherExpenses": 1530000000,
    "operatingExpenses": 3607000000,
    "costAndExpenses": 6457000000,
    "interestIncome": 164000000,
    "interestExpense": 207000000,
    "depreciationAndAmortization": 396000000,
    "ebitda": -258000000,
    "ebitdaratio": -0.0444597622,
    "operatingIncome": -654000000,
    "operatingIncomeRatio": -0.1127003274,
    "totalOtherIncomeExpensesNet": 86000000,
    "incomeBeforeTax": -775000000,
    "incomeBeforeTaxRatio": -0.1335516112,
    "incomeTaxExpense": -282000000,
    "netIncome": -493000000,
    "netIncomeRatio": -0.0849560572,
    "eps": -0.35,
    "epsdiluted": -0.35,
    "weightedAverageShsOut": 1415000000,
    "weightedAverageShsOutDil": 1417000000,
    "link": "https://www.sec.gov/Archives/edgar/data/804328/000172894918000095/0001728949-18-000095-index.htm",
    "finalLink": "https://www.sec.gov/Archives/edgar/data/804328/000172894918000095/qcom10-k2018.htm"
  },
  {
    "date": "2018-06-24",
    "symbol": "QCOM",
    "reportedCurrency": "USD",
    "cik": "0000804328",
    "fillingDate": "2018-07-25",
    "acceptedDate": "2018-07-25 16:10:05",
    "calendarYear": "2018",
    "period": "Q3",
    "revenue": 5599000000,
    "costOfRevenue": 2491000000,
    "grossProfit": 3108000000,
    "grossProfitRatio": 0.5550991248,
    "researchAndDevelopmentExpenses": 1416000000,
    "generalAndAdministrativeExpenses": 0,
    "sellingAndMarketingExpenses": 0,
    "sellingGeneralAndAdministrativeExpenses": 655000000,
    "otherExpenses": 112000000,
    "operatingExpenses": 2183000000,
    "costAndExpenses": 4674000000,
    "interestIncome": 182000000,
    "interestExpense": 212000000,
    "depreciationAndAmortization": 414000000,
    "ebitda": 1493000000,
    "ebitdaratio": 0.2666547598,
    "operatingIncome": 925000000,
    "operatingIncomeRatio": 0.1652080729,
    "totalOtherIncomeExpensesNet": 61000000,
    "incomeBeforeTax": 956000000,
    "incomeBeforeTaxRatio": 0.1707447759,
    "incomeTaxExpense": -263000000,
    "netIncome": 1219000000,
    "netIncomeRatio": 0.2177174495,
    "eps": 0.81,
    "epsdiluted": 0.81,
    "weightedAverageShsOut": 1478000000,
    "weightedAverageShsOutDil": 1487000000,
    "link": "https://www.sec.gov/Archives/edgar/data/804328/000172894918000075/0001728949-18-000075-index.htm",
    "finalLink": "https://www.sec.gov/Archives/edgar/data/804328/000172894918000075/qcom06241810-q.htm"
  },
  {
    "date": "2018-03-25",
    "symbol": "QCOM",
    "reportedCurrency": "USD",
    "cik": "0000804328",
    "fillingDate": "2018-04-25",
    "acceptedDate": "2018-04-25 16:07:36",
    "calendarYear": "2018",
    "period": "Q2",
    "revenue": 5261000000,
    "costOfRevenue": 2239000000,
    "grossProfit": 3022000000,
    "grossProfitRatio": 0.5744155104,
    "researchAndDevelopmentExpenses": 1402000000,
    "generalAndAdministrativeExpenses": 0,
    "sellingAndMarketingExpenses": 0,
    "sellingGeneralAndAdministrativeExpenses": 869000000,
    "otherExpenses": 310000000,
    "operatingExpenses": 2581000000,
    "costAndExpenses": 4820000000,
    "interestIncome": 154000000,
    "interestExpense": 179000000,
    "depreciationAndAmortization": 388000000,
    "ebitda": 829000000,
    "ebitdaratio": 0.1575746056,
    "operatingIncome": 441000000,
    "operatingIncomeRatio": 0.083824368,
    "totalOtherIncomeExpensesNet": 96000000,
    "incomeBeforeTax": 358000000,
    "incomeBeforeTaxRatio": 0.0680478996,
    "incomeTaxExpense": -5000000,
    "netIncome": 363000000,
    "netIncomeRatio": 0.0689982893,
    "eps": 0.22,
    "epsdiluted": 0.22,
    "weightedAverageShsOut": 1482000000,
    "weightedAverageShsOutDil": 1494000000,
    "link": "https://www.sec.gov/Archives/edgar/data/804328/000172894918000039/0001728949-18-000039-index.htm",
    "finalLink": "https://www.sec.gov/Archives/edgar/data/804328/000172894918000039/qcom03251810-q.htm"
  },
  {
    "date": "2017-12-24",
    "symbol": "QCOM",
    "reportedCurrency": "USD",
    "cik": "0000804328",
    "fillingDate": "2018-01-31",
    "acceptedDate": "2018-01-31 16:10:12",
    "calendarYear": "2018",
    "period": "Q1",
    "revenue": 6068000000,
    "costOfRevenue": 2663000000,
    "grossProfit": 3405000000,
    "grossProfitRatio": 0.5611404087,
    "researchAndDevelopmentExpenses": 1420000000,
    "generalAndAdministrativeExpenses": 0,
    "sellingAndMarketingExpenses": 0,
    "sellingGeneralAndAdministrativeExpenses": 773000000,
    "otherExpenses": 1183000000,
    "operatingExpenses": 3376000000,
    "costAndExpenses": 6039000000,
    "interestIncome": 126000000,
    "interestExpense": 170000000,
    "depreciationAndAmortization": 363000000,
    "ebitda": 497000000,
    "ebitdaratio": 0.0819050758,
    "operatingIncome": 29000000,
    "operatingIncomeRatio": 0.0047791694,
    "totalOtherIncomeExpensesNet": -12000000,
    "incomeBeforeTax": -27000000,
    "incomeBeforeTaxRatio": -0.0044495715,
    "incomeTaxExpense": 5926000000,
    "netIncome": -5953000000,
    "netIncomeRatio": -0.9810481213,
    "eps": -4.03,
    "epsdiluted": -4.03,
    "weightedAverageShsOut": 1477000000,
    "weightedAverageShsOutDil": 1477000000,
    "link": "https://www.sec.gov/Archives/edgar/data/804328/000172894918000011/0001728949-18-000011-index.htm",
    "finalLink": "https://www.sec.gov/Archives/edgar/data/804328/000172894918000011/qcom12241710-q.htm"
  },
  {
    "date": "2017-09-24",
    "symbol": "QCOM",
    "reportedCurrency": "USD",
    "cik": "0000804328",
    "fillingDate": "2017-11-01",
    "acceptedDate": "2017-11-01 16:10:14",
    "calendarYear": "2017",
    "period": "Q4",
    "revenue": 5905000000,
    "costOfRevenue": 2653000000,
    "grossProfit": 3252000000,
    "grossProfitRatio": 0.550719729,
    "researchAndDevelopmentExpenses": 1397000000,
    "generalAndAdministrativeExpenses": 0,
    "sellingAndMarketingExpenses": 0,
    "sellingGeneralAndAdministrativeExpenses": 742000000,
    "otherExpenses": 780000000,
    "operatingExpenses": 2919000000,
    "costAndExpenses": 5572000000,
    "interestIncome": 153000000,
    "interestExpense": 164000000,
    "depreciationAndAmortization": 397000000,
    "ebitda": 730000000,
    "ebitdaratio": 0.1236240474,
    "operatingIncome": 333000000,
    "operatingIncomeRatio": 0.0563928874,
    "totalOtherIncomeExpensesNet": 265000000,
    "incomeBeforeTax": 434000000,
    "incomeBeforeTaxRatio": 0.0734970364,
    "incomeTaxExpense": 266000000,
    "netIncome": 168000000,
    "netIncomeRatio": 0.0284504657,
    "eps": 0.11,
    "epsdiluted": 0.11,
    "weightedAverageShsOut": 1476000000,
    "weightedAverageShsOutDil": 1488000000,
    "link": "https://www.sec.gov/Archives/edgar/data/804328/000123445217000190/0001234452-17-000190-index.htm",
    "finalLink": "https://www.sec.gov/Archives/edgar/data/804328/000123445217000190/qcom10-k2017.htm"
  },
  {
    "date": "2017-06-25",
    "symbol": "QCOM",
    "reportedCurrency": "USD",
    "cik": "0000804328",
    "fillingDate": "2017-07-19",
    "acceptedDate": "2017-07-19 16:10:17",
    "calendarYear": "2017",
    "period": "Q3",
    "revenue": 5371000000,
    "costOfRevenue": 2488000000,
    "grossProfit": 2883000000,
    "grossProfitRatio": 0.5367715509,
    "researchAndDevelopmentExpenses": 1391000000,
    "generalAndAdministrativeExpenses": 0,
    "sellingAndMarketingExpenses": 0,
    "sellingGeneralAndAdministrativeExpenses": 710000000,
    "otherExpenses": 9000000,
    "operatingExpenses": 2110000000,
    "costAndExpenses": 4598000000,
    "interestIncome": 147000000,
    "interestExpense": 133000000,
    "depreciationAndAmortization": 393000000,
    "ebitda": 1282000000,
    "ebitdaratio": 0.2386892571,
    "operatingIncome": 773000000,
    "operatingIncomeRatio": 0.1439210575,
    "totalOtherIncomeExpensesNet": 71000000,
    "incomeBeforeTax": 858000000,
    "incomeBeforeTaxRatio": 0.1597467883,
    "incomeTaxExpense": -7000000,
    "netIncome": 866000000,
    "netIncomeRatio": 0.1612362689,
    "eps": 0.59,
    "epsdiluted": 0.58,
    "weightedAverageShsOut": 1478000000,
    "weightedAverageShsOutDil": 1491000000,
    "link": "https://www.sec.gov/Archives/edgar/data/804328/000123445217000154/0001234452-17-000154-index.htm",
    "finalLink": "https://www.sec.gov/Archives/edgar/data/804328/000123445217000154/qcom06251710-q.htm"
  },
  {
    "date": "2017-03-26",
    "symbol": "QCOM",
    "reportedCurrency": "USD",
    "cik": "0000804328",
    "fillingDate": "2017-04-19",
    "acceptedDate": "2017-04-19 16:28:27",
    "calendarYear": "2017",
    "period": "Q2",
    "revenue": 5016000000,
    "costOfRevenue": 2208000000,
    "grossProfit": 2808000000,
    "grossProfitRatio": 0.5598086124,
    "researchAndDevelopmentExpenses": 1386000000,
    "generalAndAdministrativeExpenses": 0,
    "sellingAndMarketingExpenses": 0,
    "sellingGeneralAndAdministrativeExpenses": 615000000,
    "otherExpenses": 78000000,
    "operatingExpenses": 2079000000,
    "costAndExpenses": 4287000000,
    "interestIncome": 153000000,
    "interestExpense": 107000000,
    "depreciationAndAmortization": 342000000,
    "ebitda": 1071000000,
    "ebitdaratio": 0.2135167464,
    "operatingIncome": 729000000,
    "operatingIncomeRatio": 0.1453349282,
    "totalOtherIncomeExpensesNet": 235000000,
    "incomeBeforeTax": 857000000,
    "incomeBeforeTaxRatio": 0.1708532695,
    "incomeTaxExpense": 108000000,
    "netIncome": 749000000,
    "netIncomeRatio": 0.1493221691,
    "eps": 0.51,
    "epsdiluted": 0.5,
    "weightedAverageShsOut": 1477000000,
    "weightedAverageShsOutDil": 1489000000,
    "link": "https://www.sec.gov/Archives/edgar/data/804328/000123445217000077/0001234452-17-000077-index.htm",
    "finalLink": "https://www.sec.gov/Archives/edgar/data/804328/000123445217000077/qcom03261710-q.htm"
  },
  {
    "date": "2016-12-25",
    "symbol": "QCOM",
    "reportedCurrency": "USD",
    "cik": "0000804328",
    "fillingDate": "2017-01-25",
    "acceptedDate": "2017-01-25 16:15:11",
    "calendarYear": "2017",
    "period": "Q1",
    "revenue": 5999000000,
    "costOfRevenue": 2443000000,
    "grossProfit": 3556000000,
    "grossProfitRatio": 0.5927654609,
    "researchAndDevelopmentExpenses": 1311000000,
    "generalAndAdministrativeExpenses": 0,
    "sellingAndMarketingExpenses": 0,
    "sellingGeneralAndAdministrativeExpenses": 591000000,
    "otherExpenses": 876000000,
    "operatingExpenses": 2778000000,
    "costAndExpenses": 5221000000,
    "interestIncome": 167000000,
    "interestExpense": 90000000,
    "depreciationAndAmortization": 329000000,
    "ebitda": 1277000000,
    "ebitdaratio": 0.2128688115,
    "operatingIncome": 778000000,
    "operatingIncomeRatio": 0.1296882814,
    "totalOtherIncomeExpensesNet": 15000000,
    "incomeBeforeTax": 870000000,
    "incomeBeforeTaxRatio": 0.1450241707,
    "incomeTaxExpense": 189000000,
    "netIncome": 682000000,
    "netIncomeRatio": 0.1136856143,
    "eps": 0.46,
    "epsdiluted": 0.46,
    "weightedAverageShsOut": 1478000000,
    "weightedAverageShsOutDil": 1495000000,
    "link": "https://www.sec.gov/Archives/edgar/data/804328/000123445217000028/0001234452-17-000028-index.htm",
    "finalLink": "https://www.sec.gov/Archives/edgar/data/804328/000123445217000028/qcom12251610-q.htm"
  },
  {
    "date": "2016-09-25",
    "symbol": "QCOM",
    "reportedCurrency": "USD",
    "cik": "0000804328",
    "fillingDate": "2016-11-02",
    "acceptedDate": "2016-11-02 16:11:53",
    "calendarYear": "2016",
    "period": "Q4",
    "revenue": 6184000000,
    "costOfRevenue": 2539000000,
    "grossProfit": 3645000000,
    "grossProfitRatio": 0.5894243208,
    "researchAndDevelopmentExpenses": 1229000000,
    "generalAndAdministrativeExpenses": 0,
    "sellingAndMarketingExpenses": 0,
    "sellingGeneralAndAdministrativeExpenses": 568000000,
    "otherExpenses": 44000000,
    "operatingExpenses": 1841000000,
    "costAndExpenses": 4380000000,
    "interestIncome": 160000000,
    "interestExpense": 76000000,
    "depreciationAndAmortization": 336000000,
    "ebitda": 2140000000,
    "ebitdaratio": 0.3460543338,
    "operatingIncome": 1804000000,
    "operatingIncomeRatio": 0.2917205692,
    "totalOtherIncomeExpensesNet": 232000000,
    "incomeBeforeTax": 1960000000,
    "incomeBeforeTaxRatio": 0.3169469599,
    "incomeTaxExpense": 361000000,
    "netIncome": 1599000000,
    "netIncomeRatio": 0.2585705045,
    "eps": 1.08,
    "epsdiluted": 1.07,
    "weightedAverageShsOut": 1476000000,
    "weightedAverageShsOutDil": 1491000000,
    "link": "https://www.sec.gov/Archives/edgar/data/804328/000123445216000552/0001234452-16-000552-index.htm",
    "finalLink": "https://www.sec.gov/Archives/edgar/data/804328/000123445216000552/qcom10-k2016.htm"
  },
  {
    "date": "2016-06-26",
    "symbol": "QCOM",
    "reportedCurrency": "USD",
    "cik": "0000804328",
    "fillingDate": "2016-07-20",
    "acceptedDate": "2016-07-20 16:11:32",
    "calendarYear": "2016",
    "period": "Q3",
    "revenue": 6044000000,
    "costOfRevenue": 2534000000,
    "grossProfit": 3510000000,
    "grossProfitRatio": 0.580741231,
    "researchAndDevelopmentExpenses": 1268000000,
    "generalAndAdministrativeExpenses": 0,
    "sellingAndMarketingExpenses": 0,
    "sellingGeneralAndAdministrativeExpenses": 620000000,
    "otherExpenses": 2000000,
    "operatingExpenses": 1918000000,
    "costAndExpenses": 4452000000,
    "interestIncome": 156000000,
    "interestExpense": 75000000,
    "depreciationAndAmortization": 356000000,
    "ebitda": 2088000000,
    "ebitdaratio": 0.3454665784,
    "operatingIncome": 1592000000,
    "operatingIncomeRatio": 0.2634017207,
    "totalOtherIncomeExpensesNet": 20000000,
    "incomeBeforeTax": 1693000000,
    "incomeBeforeTaxRatio": 0.2801125083,
    "incomeTaxExpense": 250000000,
    "netIncome": 1444000000,
    "netIncomeRatio": 0.2389146261,
    "eps": 0.98,
    "epsdiluted": 0.97,
    "weightedAverageShsOut": 1471000000,
    "weightedAverageShsOutDil": 1486000000,
    "link": "https://www.sec.gov/Archives/edgar/data/804328/000123445216000483/0001234452-16-000483-index.htm",
    "finalLink": "https://www.sec.gov/Archives/edgar/data/804328/000123445216000483/qcom6261610-q.htm"
  },
  {
    "date": "2016-03-27",
    "symbol": "QCOM",
    "reportedCurrency": "USD",
    "cik": "0000804328",
    "fillingDate": "2016-04-20",
    "acceptedDate": "2016-04-20 16:21:10",
    "calendarYear": "2016",
    "period": "Q2",
    "revenue": 5551000000,
    "costOfRevenue": 2141000000,
    "grossProfit": 3410000000,
    "grossProfitRatio": 0.6143037291,
    "researchAndDevelopmentExpenses": 1301000000,
    "generalAndAdministrativeExpenses": 0,
    "sellingAndMarketingExpenses": 0,
    "sellingGeneralAndAdministrativeExpenses": 619000000,
    "otherExpenses": -1000000,
    "operatingExpenses": 1995000000,
    "costAndExpenses": 4136000000,
    "interestIncome": 158000000,
    "interestExpense": 72000000,
    "depreciationAndAmortization": 372000000,
    "ebitda": 1933000000,
    "ebitdaratio": 0.3482255449,
    "operatingIncome": 1415000000,
    "operatingIncomeRatio": 0.2549090254,
    "totalOtherIncomeExpensesNet": -31000000,
    "incomeBeforeTax": 1470000000,
    "incomeBeforeTaxRatio": 0.2648171501,
    "incomeTaxExpense": 306000000,
    "netIncome": 1164000000,
    "netIncomeRatio": 0.2096919474,
    "eps": 0.78,
    "epsdiluted": 0.78,
    "weightedAverageShsOut": 1487000000,
    "weightedAverageShsOutDil": 1498000000,
    "link": "https://www.sec.gov/Archives/edgar/data/804328/000123445216000429/0001234452-16-000429-index.htm",
    "finalLink": "https://www.sec.gov/Archives/edgar/data/804328/000123445216000429/qcom3271610-q.htm"
  },
  {
    "date": "2015-12-27",
    "symbol": "QCOM",
    "reportedCurrency": "USD",
    "cik": "0000804328",
    "fillingDate": "2016-01-27",
    "acceptedDate": "2016-01-27 16:18:39",
    "calendarYear": "2016",
    "period": "Q1",
    "revenue": 5775000000,
    "costOfRevenue": 2534000000,
    "grossProfit": 3241000000,
    "grossProfitRatio": 0.5612121212,
    "researchAndDevelopmentExpenses": 1352000000,
    "generalAndAdministrativeExpenses": 0,
    "sellingAndMarketingExpenses": 0,
    "sellingGeneralAndAdministrativeExpenses": 578000000,
    "otherExpenses": -374000000,
    "operatingExpenses": 1556000000,
    "costAndExpenses": 4090000000,
    "interestIncome": 136000000,
    "interestExpense": 74000000,
    "depreciationAndAmortization": 364000000,
    "ebitda": 2165000000,
    "ebitdaratio": 0.3748917749,
    "operatingIncome": 1685000000,
    "operatingIncomeRatio": 0.2917748918,
    "totalOtherIncomeExpensesNet": -37000000,
    "incomeBeforeTax": 1710000000,
    "incomeBeforeTaxRatio": 0.2961038961,
    "incomeTaxExpense": 214000000,
    "netIncome": 1498000000,
    "netIncomeRatio": 0.2593939394,
    "eps": 1,
    "epsdiluted": 0.99,
    "weightedAverageShsOut": 1502000000,
    "weightedAverageShsOutDil": 1517000000,
    "link": "https://www.sec.gov/Archives/edgar/data/804328/000123445216000352/0001234452-16-000352-index.htm",
    "finalLink": "https://www.sec.gov/Archives/edgar/data/804328/000123445216000352/qcom12271510-q.htm"
  },
  {
    "date": "2015-09-27",
    "symbol": "QCOM",
    "reportedCurrency": "USD",
    "cik": "0000804328",
    "fillingDate": "2015-11-04",
    "acceptedDate": "2015-11-04 16:26:47",
    "calendarYear": "2015",
    "period": "Q4",
    "revenue": 5456000000,
    "costOfRevenue": 2252000000,
    "grossProfit": 3204000000,
    "grossProfitRatio": 0.5872434018,
    "researchAndDevelopmentExpenses": 1357000000,
    "generalAndAdministrativeExpenses": 0,
    "sellingAndMarketingExpenses": 0,
    "sellingGeneralAndAdministrativeExpenses": 595000000,
    "otherExpenses": 52000000,
    "operatingExpenses": 2064000000,
    "costAndExpenses": 4316000000,
    "interestIncome": 127000000,
    "interestExpense": 70000000,
    "depreciationAndAmortization": 326000000,
    "ebitda": 1466000000,
    "ebitdaratio": 0.2686950147,
    "operatingIncome": 1140000000,
    "operatingIncomeRatio": 0.2089442815,
    "totalOtherIncomeExpensesNet": 182000000,
    "incomeBeforeTax": 1252000000,
    "incomeBeforeTaxRatio": 0.2294721408,
    "incomeTaxExpense": 192000000,
    "netIncome": 1061000000,
    "netIncomeRatio": 0.1944648094,
    "eps": 0.68,
    "epsdiluted": 0.67,
    "weightedAverageShsOut": 1557000000,
    "weightedAverageShsOutDil": 1573000000,
    "link": "https://www.sec.gov/Archives/edgar/data/804328/000123445215000271/0001234452-15-000271-index.htm",
    "finalLink": "https://www.sec.gov/Archives/edgar/data/804328/000123445215000271/qcom10-k2015.htm"
  },
  {
    "date": "2015-06-28",
    "symbol": "QCOM",
    "reportedCurrency": "USD",
    "cik": "0000804328",
    "fillingDate": "2015-07-22",
    "acceptedDate": "2015-07-22 16:18:54",
    "calendarYear": "2015",
    "period": "Q3",
    "revenue": 5832000000,
    "costOfRevenue": 2451000000,
    "grossProfit": 3381000000,
    "grossProfitRatio": 0.5797325103,
    "researchAndDevelopmentExpenses": 1407000000,
    "generalAndAdministrativeExpenses": 0,
    "sellingAndMarketingExpenses": 0,
    "sellingGeneralAndAdministrativeExpenses": 577000000,
    "otherExpenses": 162000000,
    "operatingExpenses": 2146000000,
    "costAndExpenses": 4597000000,
    "interestIncome": 128000000,
    "interestExpense": 32000000,
    "depreciationAndAmortization": 297000000,
    "ebitda": 1369000000,
    "ebitdaratio": 0.234739369,
    "operatingIncome": 1235000000,
    "operatingIncomeRatio": 0.2117626886,
    "totalOtherIncomeExpensesNet": 163000000,
    "incomeBeforeTax": 1398000000,
    "incomeBeforeTaxRatio": 0.2397119342,
    "incomeTaxExpense": 215000000,
    "netIncome": 1184000000,
    "netIncomeRatio": 0.2030178326,
    "eps": 0.74,
    "epsdiluted": 0.73,
    "weightedAverageShsOut": 1608000000,
    "weightedAverageShsOutDil": 1629000000,
    "link": "https://www.sec.gov/Archives/edgar/data/804328/000123445215000208/0001234452-15-000208-index.htm",
    "finalLink": "https://www.sec.gov/Archives/edgar/data/804328/000123445215000208/qcom6281510-q.htm"
  },
  {
    "date": "2015-03-29",
    "symbol": "QCOM",
    "reportedCurrency": "USD",
    "cik": "0000804328",
    "fillingDate": "2015-04-22",
    "acceptedDate": "2015-04-22 16:24:39",
    "calendarYear": "2015",
    "period": "Q2",
    "revenue": 6894000000,
    "costOfRevenue": 2628000000,
    "grossProfit": 4266000000,
    "grossProfitRatio": 0.6187989556,
    "researchAndDevelopmentExpenses": 1375000000,
    "generalAndAdministrativeExpenses": 0,
    "sellingAndMarketingExpenses": 0,
    "sellingGeneralAndAdministrativeExpenses": 545000000,
    "otherExpenses": 1010000000,
    "operatingExpenses": 2930000000,
    "costAndExpenses": 5558000000,
    "interestIncome": 138000000,
    "interestExpense": 1000000,
    "depreciationAndAmortization": 304000000,
    "ebitda": 1769000000,
    "ebitdaratio": 0.256599942,
    "operatingIncome": 1336000000,
    "operatingIncomeRatio": 0.1937917029,
    "totalOtherIncomeExpensesNet": 66000000,
    "incomeBeforeTax": 1539000000,
    "incomeBeforeTaxRatio": 0.2232375979,
    "incomeTaxExpense": 487000000,
    "netIncome": 1053000000,
    "netIncomeRatio": 0.1527415144,
    "eps": 0.64,
    "epsdiluted": 0.63,
    "weightedAverageShsOut": 1645000000,
    "weightedAverageShsOutDil": 1667000000,
    "link": "https://www.sec.gov/Archives/edgar/data/804328/000123445215000134/0001234452-15-000134-index.htm",
    "finalLink": "https://www.sec.gov/Archives/edgar/data/804328/000123445215000134/qcom3291510-q.htm"
  },
  {
    "date": "2014-12-28",
    "symbol": "QCOM",
    "reportedCurrency": "USD",
    "cik": "0000804328",
    "fillingDate": "2015-01-28",
    "acceptedDate": "2015-01-28 16:18:31",
    "calendarYear": "2015",
    "period": "Q1",
    "revenue": 7099000000,
    "costOfRevenue": 3047000000,
    "grossProfit": 4052000000,
    "grossProfitRatio": 0.5707846176,
    "researchAndDevelopmentExpenses": 1352000000,
    "generalAndAdministrativeExpenses": 0,
    "sellingAndMarketingExpenses": 0,
    "sellingGeneralAndAdministrativeExpenses": 567000000,
    "otherExpenses": 69000000,
    "operatingExpenses": 1988000000,
    "costAndExpenses": 5035000000,
    "interestIncome": 134000000,
    "interestExpense": 1000000,
    "depreciationAndAmortization": 287000000,
    "ebitda": 2481000000,
    "ebitdaratio": 0.3494858431,
    "operatingIncome": 2064000000,
    "operatingIncomeRatio": 0.2907451754,
    "totalOtherIncomeExpensesNet": 101000000,
    "incomeBeforeTax": 2298000000,
    "incomeBeforeTaxRatio": 0.3237075644,
    "incomeTaxExpense": 327000000,
    "netIncome": 1972000000,
    "netIncomeRatio": 0.2777856036,
    "eps": 1.19,
    "epsdiluted": 1.17,
    "weightedAverageShsOut": 1661000000,
    "weightedAverageShsOutDil": 1686000000,
    "link": "https://www.sec.gov/Archives/edgar/data/804328/000123445215000024/0001234452-15-000024-index.htm",
    "finalLink": "https://www.sec.gov/Archives/edgar/data/804328/000123445215000024/qcom12281410-q.htm"
  },
  {
    "date": "2014-09-28",
    "symbol": "QCOM",
    "reportedCurrency": "USD",
    "cik": "0000804328",
    "fillingDate": "2014-11-05",
    "acceptedDate": "2014-11-05 16:18:10",
    "calendarYear": "2014",
    "period": "Q4",
    "revenue": 6692000000,
    "costOfRevenue": 2757000000,
    "grossProfit": 3935000000,
    "grossProfitRatio": 0.5880155409,
    "researchAndDevelopmentExpenses": 1364000000,
    "generalAndAdministrativeExpenses": 0,
    "sellingAndMarketingExpenses": 0,
    "sellingGeneralAndAdministrativeExpenses": 545000000,
    "otherExpenses": 34000000,
    "operatingExpenses": 1943000000,
    "costAndExpenses": 4700000000,
    "interestIncome": 126000000,
    "interestExpense": 1000000,
    "depreciationAndAmortization": 297000000,
    "ebitda": 2412000000,
    "ebitdaratio": 0.3604303646,
    "operatingIncome": 1992000000,
    "operatingIncomeRatio": 0.2976688583,
    "totalOtherIncomeExpensesNet": 135000000,
    "incomeBeforeTax": 2252000000,
    "incomeBeforeTaxRatio": 0.3365212194,
    "incomeTaxExpense": 358000000,
    "netIncome": 1894000000,
    "netIncomeRatio": 0.2830245069,
    "eps": 1.11,
    "epsdiluted": 1.11,
    "weightedAverageShsOut": 1674000000,
    "weightedAverageShsOutDil": 1702000000,
    "link": "https://www.sec.gov/Archives/edgar/data/804328/000123445214000320/0001234452-14-000320-index.htm",
    "finalLink": "https://www.sec.gov/Archives/edgar/data/804328/000123445214000320/qcom10-k2014.htm"
  },
  {
    "date": "2014-06-29",
    "symbol": "QCOM",
    "reportedCurrency": "USD",
    "cik": "0000804328",
    "fillingDate": "2014-07-23",
    "acceptedDate": "2014-07-23 16:13:56",
    "calendarYear": "2014",
    "period": "Q3",
    "revenue": 6806000000,
    "costOfRevenue": 2740000000,
    "grossProfit": 4066000000,
    "grossProfitRatio": 0.5974140464,
    "researchAndDevelopmentExpenses": 1429000000,
    "generalAndAdministrativeExpenses": 0,
    "sellingAndMarketingExpenses": 0,
    "sellingGeneralAndAdministrativeExpenses": 582000000,
    "otherExpenses": -20000000,
    "operatingExpenses": 1991000000,
    "costAndExpenses": 4731000000,
    "interestIncome": 139000000,
    "interestExpense": 139000000,
    "depreciationAndAmortization": 292000000,
    "ebitda": 1945000000,
    "ebitdaratio": 0.2857772554,
    "operatingIncome": 2075000000,
    "operatingIncomeRatio": 0.3048780488,
    "totalOtherIncomeExpensesNet": 422000000,
    "incomeBeforeTax": 2497000000,
    "incomeBeforeTaxRatio": 0.3668821628,
    "incomeTaxExpense": 260000000,
    "netIncome": 2238000000,
    "netIncomeRatio": 0.3288275051,
    "eps": 1.33,
    "epsdiluted": 1.31,
    "weightedAverageShsOut": 1683000000,
    "weightedAverageShsOutDil": 1714000000,
    "link": "https://www.sec.gov/Archives/edgar/data/804328/000123445214000238/0001234452-14-000238-index.htm",
    "finalLink": "https://www.sec.gov/Archives/edgar/data/804328/000123445214000238/qcom06291410-q.htm"
  },
  {
    "date": "2014-03-30",
    "symbol": "QCOM",
    "reportedCurrency": "USD",
    "cik": "0000804328",
    "fillingDate": "2014-04-23",
    "acceptedDate": "2014-04-23 16:12:55",
    "calendarYear": "2014",
    "period": "Q2",
    "revenue": 6367000000,
    "costOfRevenue": 2482000000,
    "grossProfit": 3885000000,
    "grossProfitRatio": 0.6101774776,
    "researchAndDevelopmentExpenses": 1356000000,
    "generalAndAdministrativeExpenses": 0,
    "sellingAndMarketingExpenses": 0,
    "sellingGeneralAndAdministrativeExpenses": 539000000,
    "otherExpenses": 0,
    "operatingExpenses": 1895000000,
    "costAndExpenses": 4377000000,
    "interestIncome": 167000000,
    "interestExpense": 3000000,
    "depreciationAndAmortization": 289000000,
    "ebitda": 2442000000,
    "ebitdaratio": 0.3835401288,
    "operatingIncome": 1990000000,
    "operatingIncomeRatio": 0.3125490812,
    "totalOtherIncomeExpensesNet": 118000000,
    "incomeBeforeTax": 2272000000,
    "incomeBeforeTaxRatio": 0.356839956,
    "incomeTaxExpense": 314000000,
    "netIncome": 1959000000,
    "netIncomeRatio": 0.3076802262,
    "eps": 1.16,
    "epsdiluted": 1.14,
    "weightedAverageShsOut": 1688000000,
    "weightedAverageShsOutDil": 1719000000,
    "link": "https://www.sec.gov/Archives/edgar/data/804328/000123445214000154/0001234452-14-000154-index.htm",
    "finalLink": "https://www.sec.gov/Archives/edgar/data/804328/000123445214000154/qcom03301410-q.htm"
  },
  {
    "date": "2013-12-29",
    "symbol": "QCOM",
    "reportedCurrency": "USD",
    "cik": "0000804328",
    "fillingDate": "2014-01-29",
    "acceptedDate": "2014-01-29 16:18:38",
    "calendarYear": "2014",
    "period": "Q1",
    "revenue": 6622000000,
    "costOfRevenue": 2706000000,
    "grossProfit": 3916000000,
    "grossProfitRatio": 0.5913621262,
    "researchAndDevelopmentExpenses": 1328000000,
    "generalAndAdministrativeExpenses": 0,
    "sellingAndMarketingExpenses": 0,
    "sellingGeneralAndAdministrativeExpenses": 623000000,
    "otherExpenses": 472000000,
    "operatingExpenses": 2423000000,
    "costAndExpenses": 5129000000,
    "interestIncome": 156000000,
    "interestExpense": 3000000,
    "depreciationAndAmortization": 272000000,
    "ebitda": 1920000000,
    "ebitdaratio": 0.2899426155,
    "operatingIncome": 1493000000,
    "operatingIncomeRatio": 0.2254605859,
    "totalOtherIncomeExpensesNet": 111000000,
    "incomeBeforeTax": 1757000000,
    "incomeBeforeTaxRatio": 0.2653276956,
    "incomeTaxExpense": 313000000,
    "netIncome": 1875000000,
    "netIncomeRatio": 0.2831470855,
    "eps": 1.11,
    "epsdiluted": 1.09,
    "weightedAverageShsOut": 1688000000,
    "weightedAverageShsOutDil": 1722000000,
    "link": "https://www.sec.gov/Archives/edgar/data/804328/000123445214000049/0001234452-14-000049-index.htm",
    "finalLink": "https://www.sec.gov/Archives/edgar/data/804328/000123445214000049/qcom12291310-q.htm"
  },
  {
    "date": "2013-09-29",
    "symbol": "QCOM",
    "reportedCurrency": "USD",
    "cik": "0000804328",
    "fillingDate": "2013-11-06",
    "acceptedDate": "2013-11-06 16:22:40",
    "calendarYear": "2013",
    "period": "Q4",
    "revenue": 6481000000,
    "costOfRevenue": 2714000000,
    "grossProfit": 3767000000,
    "grossProfitRatio": 0.5812374634,
    "researchAndDevelopmentExpenses": 1349000000,
    "generalAndAdministrativeExpenses": 0,
    "sellingAndMarketingExpenses": 0,
    "sellingGeneralAndAdministrativeExpenses": 657000000,
    "otherExpenses": 173000000,
    "operatingExpenses": 2179000000,
    "costAndExpenses": 4893000000,
    "interestIncome": 168000000,
    "interestExpense": 1000000,
    "depreciationAndAmortization": 273000000,
    "ebitda": 2028000000,
    "ebitdaratio": 0.3129146737,
    "operatingIncome": 1588000000,
    "operatingIncomeRatio": 0.2450239161,
    "totalOtherIncomeExpensesNet": 67000000,
    "incomeBeforeTax": 1822000000,
    "incomeBeforeTaxRatio": 0.2811294553,
    "incomeTaxExpense": 321000000,
    "netIncome": 1501000000,
    "netIncomeRatio": 0.2316000617,
    "eps": 0.86,
    "epsdiluted": 0.86,
    "weightedAverageShsOut": 1700000000,
    "weightedAverageShsOutDil": 1736000000,
    "link": "https://www.sec.gov/Archives/edgar/data/804328/000123445213000483/0001234452-13-000483-index.htm",
    "finalLink": "https://www.sec.gov/Archives/edgar/data/804328/000123445213000483/qcom10-k2013.htm"
  },
  {
    "date": "2013-06-30",
    "symbol": "QCOM",
    "reportedCurrency": "USD",
    "cik": "0000804328",
    "fillingDate": "2013-07-24",
    "acceptedDate": "2013-07-24 16:09:43",
    "calendarYear": "2013",
    "period": "Q3",
    "revenue": 6243000000,
    "costOfRevenue": 2497000000,
    "grossProfit": 3746000000,
    "grossProfitRatio": 0.6000320359,
    "researchAndDevelopmentExpenses": 1298000000,
    "generalAndAdministrativeExpenses": 0,
    "sellingAndMarketingExpenses": 0,
    "sellingGeneralAndAdministrativeExpenses": 613000000,
    "otherExpenses": 158000000,
    "operatingExpenses": 2069000000,
    "costAndExpenses": 4566000000,
    "interestIncome": 182000000,
    "interestExpense": 7000000,
    "depreciationAndAmortization": 255000000,
    "ebitda": 2113000000,
    "ebitdaratio": 0.3384590742,
    "operatingIncome": 1677000000,
    "operatingIncomeRatio": 0.2686208554,
    "totalOtherIncomeExpensesNet": 58000000,
    "incomeBeforeTax": 1910000000,
    "incomeBeforeTaxRatio": 0.3059426558,
    "incomeTaxExpense": 332000000,
    "netIncome": 1580000000,
    "netIncomeRatio": 0.2530834535,
    "eps": 0.91,
    "epsdiluted": 0.9,
    "weightedAverageShsOut": 1727000000,
    "weightedAverageShsOutDil": 1765000000,
    "link": "https://www.sec.gov/Archives/edgar/data/804328/000123445213000292/0001234452-13-000292-index.htm",
    "finalLink": "https://www.sec.gov/Archives/edgar/data/804328/000123445213000292/qcom6301310-q.htm"
  },
  {
    "date": "2013-03-31",
    "symbol": "QCOM",
    "reportedCurrency": "USD",
    "cik": "0000804328",
    "fillingDate": "2013-04-24",
    "acceptedDate": "2013-04-24 16:14:05",
    "calendarYear": "2013",
    "period": "Q2",
    "revenue": 6124000000,
    "costOfRevenue": 2372000000,
    "grossProfit": 3752000000,
    "grossProfitRatio": 0.6126714566,
    "researchAndDevelopmentExpenses": 1214000000,
    "generalAndAdministrativeExpenses": 0,
    "sellingAndMarketingExpenses": 0,
    "sellingGeneralAndAdministrativeExpenses": 661000000,
    "otherExpenses": 0,
    "operatingExpenses": 1875000000,
    "costAndExpenses": 4247000000,
    "interestIncome": 181000000,
    "interestExpense": 7000000,
    "depreciationAndAmortization": 248000000,
    "ebitda": 2305000000,
    "ebitdaratio": 0.3763879817,
    "operatingIncome": 1877000000,
    "operatingIncomeRatio": 0.3064990202,
    "totalOtherIncomeExpensesNet": 85000000,
    "incomeBeforeTax": 2136000000,
    "incomeBeforeTaxRatio": 0.3487916395,
    "incomeTaxExpense": 273000000,
    "netIncome": 1866000000,
    "netIncomeRatio": 0.3047028086,
    "eps": 1.08,
    "epsdiluted": 1.06,
    "weightedAverageShsOut": 1722000000,
    "weightedAverageShsOutDil": 1763000000,
    "link": "https://www.sec.gov/Archives/edgar/data/804328/000123445213000179/0001234452-13-000179-index.htm",
    "finalLink": "https://www.sec.gov/Archives/edgar/data/804328/000123445213000179/qcom3311310-q.htm"
  },
  {
    "date": "2012-12-30",
    "symbol": "QCOM",
    "reportedCurrency": "USD",
    "cik": "0000804328",
    "fillingDate": "2013-01-30",
    "acceptedDate": "2013-01-30 16:11:45",
    "calendarYear": "2013",
    "period": "Q1",
    "revenue": 6018000000,
    "costOfRevenue": 2237000000,
    "grossProfit": 3781000000,
    "grossProfitRatio": 0.6282818212,
    "researchAndDevelopmentExpenses": 1106000000,
    "generalAndAdministrativeExpenses": 0,
    "sellingAndMarketingExpenses": 0,
    "sellingGeneralAndAdministrativeExpenses": 587000000,
    "otherExpenses": 0,
    "operatingExpenses": 1693000000,
    "costAndExpenses": 3930000000,
    "interestIncome": 165000000,
    "interestExpense": 8000000,
    "depreciationAndAmortization": 241000000,
    "ebitda": 2491000000,
    "ebitdaratio": 0.413924892,
    "operatingIncome": 2088000000,
    "operatingIncomeRatio": 0.3469591226,
    "totalOtherIncomeExpensesNet": 82000000,
    "incomeBeforeTax": 2327000000,
    "incomeBeforeTaxRatio": 0.3866733134,
    "incomeTaxExpense": 424000000,
    "netIncome": 1906000000,
    "netIncomeRatio": 0.3167165171,
    "eps": 1.12,
    "epsdiluted": 1.09,
    "weightedAverageShsOut": 1709000000,
    "weightedAverageShsOutDil": 1751000000,
    "link": "https://www.sec.gov/Archives/edgar/data/804328/000123445213000041/0001234452-13-000041-index.htm",
    "finalLink": "https://www.sec.gov/Archives/edgar/data/804328/000123445213000041/qcom12301210-q.htm"
  },
  {
    "date": "2012-09-30",
    "symbol": "QCOM",
    "reportedCurrency": "USD",
    "cik": "0000804328",
    "fillingDate": "2012-11-07",
    "acceptedDate": "2012-11-07 16:15:01",
    "calendarYear": "2012",
    "period": "Q4",
    "revenue": 4871000000,
    "costOfRevenue": 1841000000,
    "grossProfit": 3030000000,
    "grossProfitRatio": 0.6220488606,
    "researchAndDevelopmentExpenses": 1114000000,
    "generalAndAdministrativeExpenses": 0,
    "sellingAndMarketingExpenses": 0,
    "sellingGeneralAndAdministrativeExpenses": 681000000,
    "otherExpenses": 104000000,
    "operatingExpenses": 1795000000,
    "costAndExpenses": 3636000000,
    "interestIncome": 178000000,
    "interestExpense": 16000000,
    "depreciationAndAmortization": 257000000,
    "ebitda": 1201000000,
    "ebitdaratio": 0.2465612811,
    "operatingIncome": 1235000000,
    "operatingIncomeRatio": 0.2535413673,
    "totalOtherIncomeExpensesNet": 291000000,
    "incomeBeforeTax": 1526000000,
    "incomeBeforeTaxRatio": 0.3132826935,
    "incomeTaxExpense": 286000000,
    "netIncome": 1271000000,
    "netIncomeRatio": 0.2609320468,
    "eps": 0.75,
    "epsdiluted": 0.73,
    "weightedAverageShsOut": 1704000000,
    "weightedAverageShsOutDil": 1745000000,
    "link": "https://www.sec.gov/Archives/edgar/data/804328/000123445212000371/0001234452-12-000371-index.htm",
    "finalLink": "https://www.sec.gov/Archives/edgar/data/804328/000123445212000371/qcom10-k2012.htm"
  },
  {
    "date": "2012-06-24",
    "symbol": "QCOM",
    "reportedCurrency": "USD",
    "cik": "0000804328",
    "fillingDate": "2012-07-18",
    "acceptedDate": "2012-07-18 16:11:00",
    "calendarYear": "2012",
    "period": "Q3",
    "revenue": 4626000000,
    "costOfRevenue": 1719000000,
    "grossProfit": 2907000000,
    "grossProfitRatio": 0.6284046693,
    "researchAndDevelopmentExpenses": 974000000,
    "generalAndAdministrativeExpenses": 0,
    "sellingAndMarketingExpenses": 0,
    "sellingGeneralAndAdministrativeExpenses": 544000000,
    "otherExpenses": 7000000,
    "operatingExpenses": 1518000000,
    "costAndExpenses": 3237000000,
    "interestIncome": 156000000,
    "interestExpense": 18000000,
    "depreciationAndAmortization": 221000000,
    "ebitda": 1765000000,
    "ebitdaratio": 0.3815391267,
    "operatingIncome": 1382000000,
    "operatingIncomeRatio": 0.298746217,
    "totalOtherIncomeExpensesNet": 54000000,
    "incomeBeforeTax": 1581000000,
    "incomeBeforeTaxRatio": 0.3417639429,
    "incomeTaxExpense": 375000000,
    "netIncome": 1207000000,
    "netIncomeRatio": 0.2609165586,
    "eps": 0.7,
    "epsdiluted": 0.69,
    "weightedAverageShsOut": 1715000000,
    "weightedAverageShsOutDil": 1758000000,
    "link": "https://www.sec.gov/Archives/edgar/data/804328/000123445212000268/0001234452-12-000268-index.htm",
    "finalLink": "https://www.sec.gov/Archives/edgar/data/804328/000123445212000268/qcom6241210q.htm"
  },
  {
    "date": "2012-03-25",
    "symbol": "QCOM",
    "reportedCurrency": "USD",
    "cik": "0000804328",
    "fillingDate": "2012-04-18",
    "acceptedDate": "2012-04-18 16:11:42",
    "calendarYear": "2012",
    "period": "Q2",
    "revenue": 4943000000,
    "costOfRevenue": 1783000000,
    "grossProfit": 3160000000,
    "grossProfitRatio": 0.6392878819,
    "researchAndDevelopmentExpenses": 954000000,
    "generalAndAdministrativeExpenses": 0,
    "sellingAndMarketingExpenses": 0,
    "sellingGeneralAndAdministrativeExpenses": 595000000,
    "otherExpenses": 97000000,
    "operatingExpenses": 1549000000,
    "costAndExpenses": 3332000000,
    "interestIncome": 146000000,
    "interestExpense": 29000000,
    "depreciationAndAmortization": 211000000,
    "ebitda": 1966000000,
    "ebitdaratio": 0.3977341695,
    "operatingIncome": 1514000000,
    "operatingIncomeRatio": 0.3062917257,
    "totalOtherIncomeExpensesNet": 6000000,
    "incomeBeforeTax": 1734000000,
    "incomeBeforeTaxRatio": 0.3507991099,
    "incomeTaxExpense": 296000000,
    "netIncome": 2230000000,
    "netIncomeRatio": 0.4511430305,
    "eps": 1.31,
    "epsdiluted": 1.28,
    "weightedAverageShsOut": 1698000000,
    "weightedAverageShsOutDil": 1743000000,
    "link": "https://www.sec.gov/Archives/edgar/data/804328/000123445212000217/0001234452-12-000217-index.htm",
    "finalLink": "https://www.sec.gov/Archives/edgar/data/804328/000123445212000217/qcom3251210q.htm"
  },
  {
    "date": "2011-12-25",
    "symbol": "QCOM",
    "reportedCurrency": "USD",
    "cik": "0000804328",
    "fillingDate": "2012-02-01",
    "acceptedDate": "2012-02-01 16:07:54",
    "calendarYear": "2012",
    "period": "Q1",
    "revenue": 4681000000,
    "costOfRevenue": 1754000000,
    "grossProfit": 2927000000,
    "grossProfitRatio": 0.6252937407,
    "researchAndDevelopmentExpenses": 873000000,
    "generalAndAdministrativeExpenses": 0,
    "sellingAndMarketingExpenses": 0,
    "sellingGeneralAndAdministrativeExpenses": 503000000,
    "otherExpenses": 0,
    "operatingExpenses": 1376000000,
    "costAndExpenses": 3130000000,
    "interestIncome": 130000000,
    "interestExpense": 27000000,
    "depreciationAndAmortization": 208000000,
    "ebitda": 1889000000,
    "ebitdaratio": 0.4035462508,
    "operatingIncome": 1551000000,
    "operatingIncomeRatio": 0.3313394574,
    "totalOtherIncomeExpensesNet": 67000000,
    "incomeBeforeTax": 1721000000,
    "incomeBeforeTaxRatio": 0.3676564837,
    "incomeTaxExpense": 321000000,
    "netIncome": 1401000000,
    "netIncomeRatio": 0.2992950224,
    "eps": 0.83,
    "epsdiluted": 0.81,
    "weightedAverageShsOut": 1684000000,
    "weightedAverageShsOutDil": 1721000000,
    "link": "https://www.sec.gov/Archives/edgar/data/804328/000123445212000055/0001234452-12-000055-index.htm",
    "finalLink": "https://www.sec.gov/Archives/edgar/data/804328/000123445212000055/qcom12251110q.htm"
  },
  {
    "date": "2011-09-25",
    "symbol": "QCOM",
    "reportedCurrency": "USD",
    "cik": "0000804328",
    "fillingDate": "2011-11-02",
    "acceptedDate": "2011-11-02 16:08:57",
    "calendarYear": "2011",
    "period": "Q4",
    "revenue": 4117000000,
    "costOfRevenue": 1497000000,
    "grossProfit": 2620000000,
    "grossProfitRatio": 0.6363857178,
    "researchAndDevelopmentExpenses": 851000000,
    "generalAndAdministrativeExpenses": 0,
    "sellingAndMarketingExpenses": 0,
    "sellingGeneralAndAdministrativeExpenses": 532000000,
    "otherExpenses": 114000000,
    "operatingExpenses": 1497000000,
    "costAndExpenses": 2994000000,
    "interestIncome": 116000000,
    "interestExpense": 30000000,
    "depreciationAndAmortization": 241000000,
    "ebitda": 1478000000,
    "ebitdaratio": 0.3589992713,
    "operatingIncome": 1237000000,
    "operatingIncomeRatio": 0.3004615011,
    "totalOtherIncomeExpensesNet": 115000000,
    "incomeBeforeTax": 1324000000,
    "incomeBeforeTaxRatio": 0.3215933932,
    "incomeTaxExpense": 270000000,
    "netIncome": 1056000000,
    "netIncomeRatio": 0.2564974496,
    "eps": 0.62,
    "epsdiluted": 0.62,
    "weightedAverageShsOut": 1682000000,
    "weightedAverageShsOutDil": 1716000000,
    "link": "https://www.sec.gov/Archives/edgar/data/804328/000123445211000360/0001234452-11-000360-index.htm",
    "finalLink": "https://www.sec.gov/Archives/edgar/data/804328/000123445211000360/qcom10-k2011.htm"
  },
  {
    "date": "2011-06-26",
    "symbol": "QCOM",
    "reportedCurrency": "USD",
    "cik": "0000804328",
    "fillingDate": "2011-07-20",
    "acceptedDate": "2011-07-20 16:19:05",
    "calendarYear": "2011",
    "period": "Q3",
    "revenue": 3623000000,
    "costOfRevenue": 1278000000,
    "grossProfit": 2345000000,
    "grossProfitRatio": 0.6472536572,
    "researchAndDevelopmentExpenses": 757000000,
    "generalAndAdministrativeExpenses": 0,
    "sellingAndMarketingExpenses": 0,
    "sellingGeneralAndAdministrativeExpenses": 475000000,
    "otherExpenses": 0,
    "operatingExpenses": 1232000000,
    "costAndExpenses": 2510000000,
    "interestIncome": 127000000,
    "interestExpense": 29000000,
    "depreciationAndAmortization": 185000000,
    "ebitda": 952000000,
    "ebitdaratio": 0.2627656638,
    "operatingIncome": 1113000000,
    "operatingIncomeRatio": 0.3072039746,
    "totalOtherIncomeExpensesNet": 161000000,
    "incomeBeforeTax": 1274000000,
    "incomeBeforeTaxRatio": 0.3516422854,
    "incomeTaxExpense": 289000000,
    "netIncome": 1035000000,
    "netIncomeRatio": 0.2856748551,
    "eps": 0.62,
    "epsdiluted": 0.61,
    "weightedAverageShsOut": 1673000000,
    "weightedAverageShsOutDil": 1709000000,
    "link": "https://www.sec.gov/Archives/edgar/data/804328/000123445211000292/0001234452-11-000292-index.htm",
    "finalLink": "https://www.sec.gov/Archives/edgar/data/804328/000123445211000292/qcom6261110q.htm"
  },
  {
    "date": "2011-03-27",
    "symbol": "QCOM",
    "reportedCurrency": "USD",
    "cik": "0000804328",
    "fillingDate": "2011-04-20",
    "acceptedDate": "2011-04-20 16:15:29",
    "calendarYear": "2011",
    "period": "Q2",
    "revenue": 3875000000,
    "costOfRevenue": 1363000000,
    "grossProfit": 2512000000,
    "grossProfitRatio": 0.6482580645,
    "researchAndDevelopmentExpenses": 740000000,
    "generalAndAdministrativeExpenses": 0,
    "sellingAndMarketingExpenses": 0,
    "sellingGeneralAndAdministrativeExpenses": 585000000,
    "otherExpenses": 114000000,
    "operatingExpenses": 1325000000,
    "costAndExpenses": 2688000000,
    "interestIncome": 126000000,
    "interestExpense": 34000000,
    "depreciationAndAmortization": 434000000,
    "ebitda": 1747000000,
    "ebitdaratio": 0.4508387097,
    "operatingIncome": 1073000000,
    "operatingIncomeRatio": 0.2769032258,
    "totalOtherIncomeExpensesNet": -21000000,
    "incomeBeforeTax": 1258000000,
    "incomeBeforeTaxRatio": 0.3246451613,
    "incomeTaxExpense": 263000000,
    "netIncome": 999000000,
    "netIncomeRatio": 0.2578064516,
    "eps": 0.6,
    "epsdiluted": 0.59,
    "weightedAverageShsOut": 1654000000,
    "weightedAverageShsOutDil": 1689000000,
    "link": "https://www.sec.gov/Archives/edgar/data/804328/000123445211000190/0001234452-11-000190-index.htm",
    "finalLink": "https://www.sec.gov/Archives/edgar/data/804328/000123445211000190/qcom3271110q.htm"
  },
  {
    "date": "2010-12-26",
    "symbol": "QCOM",
    "reportedCurrency": "USD",
    "cik": "0000804328",
    "fillingDate": "2011-01-26",
    "acceptedDate": "2011-01-26 16:20:46",
    "calendarYear": "2011",
    "period": "Q1",
    "revenue": 3348000000,
    "costOfRevenue": 1130000000,
    "grossProfit": 2218000000,
    "grossProfitRatio": 0.6624850657,
    "researchAndDevelopmentExpenses": 671000000,
    "generalAndAdministrativeExpenses": 0,
    "sellingAndMarketingExpenses": 0,
    "sellingGeneralAndAdministrativeExpenses": 437000000,
    "otherExpenses": 0,
    "operatingExpenses": 1108000000,
    "costAndExpenses": 2238000000,
    "interestIncome": 131000000,
    "interestExpense": 28000000,
    "depreciationAndAmortization": 201000000,
    "ebitda": 1092000000,
    "ebitdaratio": 0.3261648746,
    "operatingIncome": 1110000000,
    "operatingIncomeRatio": 0.3315412186,
    "totalOtherIncomeExpensesNet": 219000000,
    "incomeBeforeTax": 1329000000,
    "incomeBeforeTaxRatio": 0.396953405,
    "incomeTaxExpense": 159000000,
    "netIncome": 1170000000,
    "netIncomeRatio": 0.3494623656,
    "eps": 0.72,
    "epsdiluted": 0.71,
    "weightedAverageShsOut": 1623000000,
    "weightedAverageShsOutDil": 1648000000,
    "link": "https://www.sec.gov/Archives/edgar/data/804328/000095012311005582/0000950123-11-005582-index.htm",
    "finalLink": "https://www.sec.gov/Archives/edgar/data/804328/000095012311005582/a58430e10vq.htm"
  },
  {
    "date": "2010-09-26",
    "symbol": "QCOM",
    "reportedCurrency": "USD",
    "cik": "0000804328",
    "fillingDate": "2010-11-03",
    "acceptedDate": "2010-11-03 17:18:30",
    "calendarYear": "2010",
    "period": "Q4",
    "revenue": 2952000000,
    "costOfRevenue": 988000000,
    "grossProfit": 1964000000,
    "grossProfitRatio": 0.6653116531,
    "researchAndDevelopmentExpenses": 657000000,
    "generalAndAdministrativeExpenses": 0,
    "sellingAndMarketingExpenses": 0,
    "sellingGeneralAndAdministrativeExpenses": 471000000,
    "otherExpenses": 0,
    "operatingExpenses": 1128000000,
    "costAndExpenses": 2116000000,
    "interestIncome": 125000000,
    "interestExpense": 28000000,
    "depreciationAndAmortization": 171000000,
    "ebitda": 1131000000,
    "ebitdaratio": 0.3831300813,
    "operatingIncome": 836000000,
    "operatingIncomeRatio": 0.283197832,
    "totalOtherIncomeExpensesNet": 113000000,
    "incomeBeforeTax": 1046000000,
    "incomeBeforeTaxRatio": 0.3543360434,
    "incomeTaxExpense": 181000000,
    "netIncome": 865000000,
    "netIncomeRatio": 0.2930216802,
    "eps": 0.53,
    "epsdiluted": 0.53,
    "weightedAverageShsOut": 1610000000,
    "weightedAverageShsOutDil": 1621000000,
    "link": "https://www.sec.gov/Archives/edgar/data/804328/000095012310100207/0000950123-10-100207-index.htm",
    "finalLink": "https://www.sec.gov/Archives/edgar/data/804328/000095012310100207/a57478e10vk.htm"
  },
  {
    "date": "2010-06-27",
    "symbol": "QCOM",
    "reportedCurrency": "USD",
    "cik": "0000804328",
    "fillingDate": "2010-07-21",
    "acceptedDate": "2010-07-21 16:18:19",
    "calendarYear": "2010",
    "period": "Q3",
    "revenue": 2706000000,
    "costOfRevenue": 905000000,
    "grossProfit": 1801000000,
    "grossProfitRatio": 0.6655580192,
    "researchAndDevelopmentExpenses": 649000000,
    "generalAndAdministrativeExpenses": 0,
    "sellingAndMarketingExpenses": 0,
    "sellingGeneralAndAdministrativeExpenses": 360000000,
    "otherExpenses": 0,
    "operatingExpenses": 1009000000,
    "costAndExpenses": 1914000000,
    "interestIncome": 131000000,
    "interestExpense": 14000000,
    "depreciationAndAmortization": 166000000,
    "ebitda": 613000000,
    "ebitdaratio": 0.226533629,
    "operatingIncome": 792000000,
    "operatingIncomeRatio": 0.2926829268,
    "totalOtherIncomeExpensesNet": 179000000,
    "incomeBeforeTax": 971000000,
    "incomeBeforeTaxRatio": 0.3588322247,
    "incomeTaxExpense": 204000000,
    "netIncome": 767000000,
    "netIncomeRatio": 0.2834441981,
    "eps": 0.47,
    "epsdiluted": 0.47,
    "weightedAverageShsOut": 1629000000,
    "weightedAverageShsOutDil": 1642000000,
    "link": "https://www.sec.gov/Archives/edgar/data/804328/000095012310066837/0000950123-10-066837-index.htm",
    "finalLink": "https://www.sec.gov/Archives/edgar/data/804328/000095012310066837/a56728e10vq.htm"
  },
  {
    "date": "2010-03-28",
    "symbol": "QCOM",
    "reportedCurrency": "USD",
    "cik": "0000804328",
    "fillingDate": "2010-04-21",
    "acceptedDate": "2010-04-21 16:29:12",
    "calendarYear": "2010",
    "period": "Q2",
    "revenue": 2663000000,
    "costOfRevenue": 809000000,
    "grossProfit": 1854000000,
    "grossProfitRatio": 0.696207285,
    "researchAndDevelopmentExpenses": 648000000,
    "generalAndAdministrativeExpenses": 0,
    "sellingAndMarketingExpenses": 0,
    "sellingGeneralAndAdministrativeExpenses": 430000000,
    "otherExpenses": 0,
    "operatingExpenses": 1078000000,
    "costAndExpenses": 1887000000,
    "interestIncome": 129000000,
    "interestExpense": 7000000,
    "depreciationAndAmortization": 167000000,
    "ebitda": 1072000000,
    "ebitdaratio": 0.4025535111,
    "operatingIncome": 776000000,
    "operatingIncomeRatio": 0.2914006759,
    "totalOtherIncomeExpensesNet": 67000000,
    "incomeBeforeTax": 965000000,
    "incomeBeforeTaxRatio": 0.3623732632,
    "incomeTaxExpense": 191000000,
    "netIncome": 774000000,
    "netIncomeRatio": 0.2906496433,
    "eps": 0.47,
    "epsdiluted": 0.46,
    "weightedAverageShsOut": 1662000000,
    "weightedAverageShsOutDil": 1678000000,
    "link": "https://www.sec.gov/Archives/edgar/data/804328/000095012310036699/0000950123-10-036699-index.htm",
    "finalLink": "https://www.sec.gov/Archives/edgar/data/804328/000095012310036699/a55833e10vq.htm"
  },
  {
    "date": "2009-12-27",
    "symbol": "QCOM",
    "reportedCurrency": "USD",
    "cik": "0000804328",
    "fillingDate": "2010-01-27",
    "acceptedDate": "2010-01-27 16:50:32",
    "calendarYear": "2010",
    "period": "Q1",
    "revenue": 2670000000,
    "costOfRevenue": 816000000,
    "grossProfit": 1854000000,
    "grossProfitRatio": 0.6943820225,
    "researchAndDevelopmentExpenses": 596000000,
    "generalAndAdministrativeExpenses": 0,
    "sellingAndMarketingExpenses": 0,
    "sellingGeneralAndAdministrativeExpenses": 379000000,
    "otherExpenses": 0,
    "operatingExpenses": 975000000,
    "costAndExpenses": 1791000000,
    "interestIncome": 145000000,
    "interestExpense": 9000000,
    "depreciationAndAmortization": 162000000,
    "ebitda": 868000000,
    "ebitdaratio": 0.325093633,
    "operatingIncome": 879000000,
    "operatingIncomeRatio": 0.3292134831,
    "totalOtherIncomeExpensesNet": 173000000,
    "incomeBeforeTax": 1052000000,
    "incomeBeforeTaxRatio": 0.3940074906,
    "incomeTaxExpense": 211000000,
    "netIncome": 841000000,
    "netIncomeRatio": 0.3149812734,
    "eps": 0.5,
    "epsdiluted": 0.5,
    "weightedAverageShsOut": 1672000000,
    "weightedAverageShsOutDil": 1691000000,
    "link": "https://www.sec.gov/Archives/edgar/data/804328/000095012310005721/0000950123-10-005721-index.htm",
    "finalLink": "https://www.sec.gov/Archives/edgar/data/804328/000095012310005721/a54942e10vq.htm"
  }
]