[
  {
    "date": "2024-09-30",
    "symbol": "KLAC",
    "reportedCurrency": "USD",
    "cik": "0000319201",
    "fillingDate": "2024-10-31",
    "acceptedDate": "2024-10-31 16:04:59",
    "calendarYear": "2025",
    "period": "Q1",
    "revenue": 2841541000,
    "costOfRevenue": 1147431000,
    "grossProfit": 1694110000,
    "grossProfitRatio": 0.5961941074,
    "researchAndDevelopmentExpenses": 323145000,
    "generalAndAdministrativeExpenses": 0,
    "sellingAndMarketingExpenses": 0,
    "sellingGeneralAndAdministrativeExpenses": 251042000,
    "otherExpenses": 0,
    "operatingExpenses": 574187000,
    "costAndExpenses": 1721618000,
    "interestIncome": 0,
    "interestExpense": 82171000,
    "depreciationAndAmortization": 95823000,
    "ebitda": 1257628000,
    "ebitdaratio": 0.4425866106,
    "operatingIncome": 1119923000,
    "operatingIncomeRatio": 0.3941252299,
    "totalOtherIncomeExpensesNet": -41236000,
    "incomeBeforeTax": 1078687000,
    "incomeBeforeTaxRatio": 0.3796133858,
    "incomeTaxExpense": 132836000,
    "netIncome": 945851000,
    "netIncomeRatio": 0.3328655121,
    "eps": 7.05,
    "epsdiluted": 7.01,
    "weightedAverageShsOut": 134134000,
    "weightedAverageShsOutDil": 134858000,
    "link": "https://www.sec.gov/Archives/edgar/data/319201/000031920124000027/0000319201-24-000027-index.htm",
    "finalLink": "https://www.sec.gov/Archives/edgar/data/319201/000031920124000027/klac-20240930.htm"
  },
  {
    "date": "2024-06-30",
    "symbol": "KLAC",
    "reportedCurrency": "USD",
    "cik": "0000319201",
    "fillingDate": "2024-08-05",
    "acceptedDate": "2024-08-05 16:07:58",
    "calendarYear": "2024",
    "period": "Q4",
    "revenue": 2566232000,
    "costOfRevenue": 974055000,
    "grossProfit": 1592177000,
    "grossProfitRatio": 0.6204337722,
    "researchAndDevelopmentExpenses": 323529000,
    "generalAndAdministrativeExpenses": 0,
    "sellingAndMarketingExpenses": 0,
    "sellingGeneralAndAdministrativeExpenses": 216124000,
    "otherExpenses": -117293000,
    "operatingExpenses": 539653000,
    "costAndExpenses": 1513708000,
    "interestIncome": 160688000,
    "interestExpense": 82836000,
    "depreciationAndAmortization": 101001000,
    "ebitda": 1075962000,
    "ebitdaratio": 0.449501448,
    "operatingIncome": 1052523999,
    "operatingIncomeRatio": 0.4101437434,
    "totalOtherIncomeExpensesNet": -29918000,
    "incomeBeforeTax": 945043000,
    "incomeBeforeTaxRatio": 0.3682609367,
    "incomeTaxExpense": 108597000,
    "netIncome": 836446000,
    "netIncomeRatio": 0.3259432506,
    "eps": 6.22,
    "epsdiluted": 6.18,
    "weightedAverageShsOut": 134462000,
    "weightedAverageShsOutDil": 135342000,
    "link": "https://www.sec.gov/Archives/edgar/data/319201/000031920124000021/0000319201-24-000021-index.htm",
    "finalLink": "https://www.sec.gov/Archives/edgar/data/319201/000031920124000021/klac-20240630.htm"
  },
  {
    "date": "2024-03-31",
    "symbol": "KLAC",
    "reportedCurrency": "USD",
    "cik": "0000319201",
    "fillingDate": "2024-04-26",
    "acceptedDate": "2024-04-26 16:05:41",
    "calendarYear": "2024",
    "period": "Q3",
    "revenue": 2355391000,
    "costOfRevenue": 963169000,
    "grossProfit": 1392222000,
    "grossProfitRatio": 0.5910789334,
    "researchAndDevelopmentExpenses": 321590000,
    "generalAndAdministrativeExpenses": 0,
    "sellingAndMarketingExpenses": 0,
    "sellingGeneralAndAdministrativeExpenses": 222298000,
    "otherExpenses": 45622000,
    "operatingExpenses": 543888000,
    "costAndExpenses": 1507057000,
    "interestIncome": 0,
    "interestExpense": 79981000,
    "depreciationAndAmortization": 99263000,
    "ebitda": 947597000,
    "ebitdaratio": 0.40230985,
    "operatingIncome": 848334000,
    "operatingIncomeRatio": 0.3601669532,
    "totalOtherIncomeExpensesNet": -104833000,
    "incomeBeforeTax": 702008000,
    "incomeBeforeTaxRatio": 0.298043085,
    "incomeTaxExpense": 100467000,
    "netIncome": 601541000,
    "netIncomeRatio": 0.2553890203,
    "eps": 4.46,
    "epsdiluted": 4.43,
    "weightedAverageShsOut": 134954000,
    "weightedAverageShsOutDil": 135856000,
    "link": "https://www.sec.gov/Archives/edgar/data/319201/000031920124000012/0000319201-24-000012-index.htm",
    "finalLink": "https://www.sec.gov/Archives/edgar/data/319201/000031920124000012/klac-20240331.htm"
  },
  {
    "date": "2023-12-31",
    "symbol": "KLAC",
    "reportedCurrency": "USD",
    "cik": "0000319201",
    "fillingDate": "2024-01-26",
    "acceptedDate": "2024-01-26 16:10:28",
    "calendarYear": "2024",
    "period": "Q2",
    "revenue": 2486726000,
    "costOfRevenue": 976746000,
    "grossProfit": 1509980000,
    "grossProfitRatio": 0.6072160745,
    "researchAndDevelopmentExpenses": 320418000,
    "generalAndAdministrativeExpenses": 0,
    "sellingAndMarketingExpenses": 0,
    "sellingGeneralAndAdministrativeExpenses": 237244000,
    "otherExpenses": 32154000,
    "operatingExpenses": 557662000,
    "costAndExpenses": 1534408000,
    "interestIncome": 0,
    "interestExpense": 74202000,
    "depreciationAndAmortization": 99063000,
    "ebitda": 1051381000,
    "ebitdaratio": 0.4357275389,
    "operatingIncome": 952318000,
    "operatingIncomeRatio": 0.3829605674,
    "totalOtherIncomeExpensesNet": -261048000,
    "incomeBeforeTax": 691270000,
    "incomeBeforeTaxRatio": 0.2779839838,
    "incomeTaxExpense": 108736000,
    "netIncome": 582534000,
    "netIncomeRatio": 0.2342574132,
    "eps": 4.3,
    "epsdiluted": 4.28,
    "weightedAverageShsOut": 135539000,
    "weightedAverageShsOutDil": 136254000,
    "link": "https://www.sec.gov/Archives/edgar/data/319201/000031920124000006/0000319201-24-000006-index.htm",
    "finalLink": "https://www.sec.gov/Archives/edgar/data/319201/000031920124000006/klac-20231231.htm"
  },
  {
    "date": "2023-09-30",
    "symbol": "KLAC",
    "reportedCurrency": "USD",
    "cik": "0000319201",
    "fillingDate": "2023-10-27",
    "acceptedDate": "2023-10-27 16:04:58",
    "calendarYear": "2024",
    "period": "Q1",
    "revenue": 2396956000,
    "costOfRevenue": 946891000,
    "grossProfit": 1450065000,
    "grossProfitRatio": 0.6049610423,
    "researchAndDevelopmentExpenses": 311214000,
    "generalAndAdministrativeExpenses": 0,
    "sellingAndMarketingExpenses": 0,
    "sellingGeneralAndAdministrativeExpenses": 239645000,
    "otherExpenses": 26739000,
    "operatingExpenses": 550859000,
    "costAndExpenses": 1497750000,
    "interestIncome": 74234000,
    "interestExpense": 74234000,
    "depreciationAndAmortization": 102403000,
    "ebitda": 1001609000,
    "ebitdaratio": 0.4290224768,
    "operatingIncome": 899206000,
    "operatingIncomeRatio": 0.3751449755,
    "totalOtherIncomeExpensesNet": -47495000,
    "incomeBeforeTax": 851711000,
    "incomeBeforeTaxRatio": 0.3553302605,
    "incomeTaxExpense": 110336000,
    "netIncome": 741375000,
    "netIncomeRatio": 0.3092985437,
    "eps": 5.43,
    "epsdiluted": 5.41,
    "weightedAverageShsOut": 136412000,
    "weightedAverageShsOutDil": 137104000,
    "link": "https://www.sec.gov/Archives/edgar/data/319201/000031920123000039/0000319201-23-000039-index.htm",
    "finalLink": "https://www.sec.gov/Archives/edgar/data/319201/000031920123000039/klac-20230930.htm"
  },
  {
    "date": "2023-06-30",
    "symbol": "KLAC",
    "reportedCurrency": "USD",
    "cik": "0000319201",
    "fillingDate": "2023-08-04",
    "acceptedDate": "2023-08-04 16:09:10",
    "calendarYear": "2023",
    "period": "Q4",
    "revenue": 2355137000,
    "costOfRevenue": 962949000,
    "grossProfit": 1392188000,
    "grossProfitRatio": 0.5911282443,
    "researchAndDevelopmentExpenses": 317110000,
    "generalAndAdministrativeExpenses": 0,
    "sellingAndMarketingExpenses": 0,
    "sellingGeneralAndAdministrativeExpenses": 250857000,
    "otherExpenses": 24776000,
    "operatingExpenses": 567967000,
    "costAndExpenses": 1530916000,
    "interestIncome": 604000,
    "interestExpense": 73491000,
    "depreciationAndAmortization": 104813000,
    "ebitda": 926126000,
    "ebitdaratio": 0.3604873092,
    "operatingIncome": 824221000,
    "operatingIncomeRatio": 0.3499673267,
    "totalOtherIncomeExpensesNet": -48715000,
    "incomeBeforeTax": 775506000,
    "incomeBeforeTaxRatio": 0.3292827551,
    "incomeTaxExpense": 90852000,
    "netIncome": 684654000,
    "netIncomeRatio": 0.2907066553,
    "eps": 5,
    "epsdiluted": 4.97,
    "weightedAverageShsOut": 136873000,
    "weightedAverageShsOutDil": 137654000,
    "link": "https://www.sec.gov/Archives/edgar/data/319201/000031920123000031/0000319201-23-000031-index.htm",
    "finalLink": "https://www.sec.gov/Archives/edgar/data/319201/000031920123000031/klac-20230630.htm"
  },
  {
    "date": "2023-03-31",
    "symbol": "KLAC",
    "reportedCurrency": "USD",
    "cik": "0000319201",
    "fillingDate": "2023-04-28",
    "acceptedDate": "2023-04-28 16:28:31",
    "calendarYear": "2023",
    "period": "Q3",
    "revenue": 2432608000,
    "costOfRevenue": 1005346000,
    "grossProfit": 1427262000,
    "grossProfitRatio": 0.5867209185,
    "researchAndDevelopmentExpenses": 328276000,
    "generalAndAdministrativeExpenses": 0,
    "sellingAndMarketingExpenses": 0,
    "sellingGeneralAndAdministrativeExpenses": 238393000,
    "otherExpenses": 14864000,
    "operatingExpenses": 566669000,
    "costAndExpenses": 1572015000,
    "interestIncome": 74774000,
    "interestExpense": 74774000,
    "depreciationAndAmortization": 104854000,
    "ebitda": 965447000,
    "ebitdaratio": 0.4029876577,
    "operatingIncome": 875457000,
    "operatingIncomeRatio": 0.3598841244,
    "totalOtherIncomeExpensesNet": -59910000,
    "incomeBeforeTax": 800683000,
    "incomeBeforeTaxRatio": 0.3291459208,
    "incomeTaxExpense": 102846000,
    "netIncome": 697837000,
    "netIncomeRatio": 0.286867839,
    "eps": 5.06,
    "epsdiluted": 5.03,
    "weightedAverageShsOut": 137865000,
    "weightedAverageShsOutDil": 138645000,
    "link": "https://www.sec.gov/Archives/edgar/data/319201/000031920123000020/0000319201-23-000020-index.htm",
    "finalLink": "https://www.sec.gov/Archives/edgar/data/319201/000031920123000020/klac-20230331.htm"
  },
  {
    "date": "2022-12-31",
    "symbol": "KLAC",
    "reportedCurrency": "USD",
    "cik": "0000319201",
    "fillingDate": "2023-01-27",
    "acceptedDate": "2023-01-27 16:25:28",
    "calendarYear": "2023",
    "period": "Q2",
    "revenue": 2983887000,
    "costOfRevenue": 1208786000,
    "grossProfit": 1775101000,
    "grossProfitRatio": 0.5948955172,
    "researchAndDevelopmentExpenses": 332826000,
    "generalAndAdministrativeExpenses": 0,
    "sellingAndMarketingExpenses": 0,
    "sellingGeneralAndAdministrativeExpenses": 243096000,
    "otherExpenses": 18074000,
    "operatingExpenses": 575922000,
    "costAndExpenses": 1784708000,
    "interestIncome": 74280000,
    "interestExpense": 74280000,
    "depreciationAndAmortization": 103508000,
    "ebitda": 1302687000,
    "ebitdaratio": 0.442631038,
    "operatingIncome": 1217253000,
    "operatingIncomeRatio": 0.4079420568,
    "totalOtherIncomeExpensesNet": -56206000,
    "incomeBeforeTax": 1142973000,
    "incomeBeforeTaxRatio": 0.3830483527,
    "incomeTaxExpense": 164178000,
    "netIncome": 978795000,
    "netIncomeRatio": 0.3280268321,
    "eps": 6.93,
    "epsdiluted": 6.89,
    "weightedAverageShsOut": 141299000,
    "weightedAverageShsOutDil": 141966000,
    "link": "https://www.sec.gov/Archives/edgar/data/319201/000031920123000010/0000319201-23-000010-index.htm",
    "finalLink": "https://www.sec.gov/Archives/edgar/data/319201/000031920123000010/klac-20221231.htm"
  },
  {
    "date": "2022-09-30",
    "symbol": "KLAC",
    "reportedCurrency": "USD",
    "cik": "0000319201",
    "fillingDate": "2022-10-28",
    "acceptedDate": "2022-10-28 16:25:39",
    "calendarYear": "2023",
    "period": "Q1",
    "revenue": 2724424000,
    "costOfRevenue": 1041226000,
    "grossProfit": 1683198000,
    "grossProfitRatio": 0.6178179314,
    "researchAndDevelopmentExpenses": 318515000,
    "generalAndAdministrativeExpenses": 0,
    "sellingAndMarketingExpenses": 0,
    "sellingGeneralAndAdministrativeExpenses": 253980000,
    "otherExpenses": 47006000,
    "operatingExpenses": 572495000,
    "costAndExpenses": 1613721000,
    "interestIncome": 74395000,
    "interestExpense": 74395000,
    "depreciationAndAmortization": 101938000,
    "ebitda": 1212641000,
    "ebitdaratio": 0.4623535103,
    "operatingIncome": 1157709000,
    "operatingIncomeRatio": 0.424937161,
    "totalOtherIncomeExpensesNet": -40675000,
    "incomeBeforeTax": 1070028000,
    "incomeBeforeTaxRatio": 0.3927538445,
    "incomeTaxExpense": 43963000,
    "netIncome": 1025991000,
    "netIncomeRatio": 0.3765900609,
    "eps": 7.23,
    "epsdiluted": 7.2,
    "weightedAverageShsOut": 141829000,
    "weightedAverageShsOutDil": 142563000,
    "link": "https://www.sec.gov/Archives/edgar/data/319201/000162828022027311/0001628280-22-027311-index.htm",
    "finalLink": "https://www.sec.gov/Archives/edgar/data/319201/000162828022027311/klac-20220930.htm"
  },
  {
    "date": "2022-06-30",
    "symbol": "KLAC",
    "reportedCurrency": "USD",
    "cik": "0000319201",
    "fillingDate": "2022-08-05",
    "acceptedDate": "2022-08-05 16:13:39",
    "calendarYear": "2022",
    "period": "Q4",
    "revenue": 2486739000,
    "costOfRevenue": 978564000,
    "grossProfit": 1508175000,
    "grossProfitRatio": 0.6064870499,
    "researchAndDevelopmentExpenses": 296881000,
    "generalAndAdministrativeExpenses": 0,
    "sellingAndMarketingExpenses": 0,
    "sellingGeneralAndAdministrativeExpenses": 236778000,
    "otherExpenses": 19380000,
    "operatingExpenses": 533659000,
    "costAndExpenses": 1512223000,
    "interestIncome": 8695000,
    "interestExpense": 44197000,
    "depreciationAndAmortization": 100848000,
    "ebitda": 1094574000,
    "ebitdaratio": 0.3996784544,
    "operatingIncome": 971945000,
    "operatingIncomeRatio": 0.3908512313,
    "totalOtherIncomeExpensesNet": -24817000,
    "incomeBeforeTax": 949699000,
    "incomeBeforeTaxRatio": 0.3819053789,
    "incomeTaxExpense": 144301000,
    "netIncome": 805374000,
    "netIncomeRatio": 0.3238675229,
    "eps": 5.43,
    "epsdiluted": 5.4,
    "weightedAverageShsOut": 148226000,
    "weightedAverageShsOutDil": 149182000,
    "link": "https://www.sec.gov/Archives/edgar/data/319201/000031920122000023/0000319201-22-000023-index.htm",
    "finalLink": "https://www.sec.gov/Archives/edgar/data/319201/000031920122000023/klac-20220630.htm"
  },
  {
    "date": "2022-03-31",
    "symbol": "KLAC",
    "reportedCurrency": "USD",
    "cik": "0000319201",
    "fillingDate": "2022-04-29",
    "acceptedDate": "2022-04-29 16:31:51",
    "calendarYear": "2022",
    "period": "Q3",
    "revenue": 2288676000,
    "costOfRevenue": 892091000,
    "grossProfit": 1396585000,
    "grossProfitRatio": 0.6102152511,
    "researchAndDevelopmentExpenses": 285189000,
    "generalAndAdministrativeExpenses": 0,
    "sellingAndMarketingExpenses": 0,
    "sellingGeneralAndAdministrativeExpenses": 216489000,
    "otherExpenses": -8644000,
    "operatingExpenses": 501678000,
    "costAndExpenses": 1393769000,
    "interestIncome": 0,
    "interestExpense": 39978000,
    "depreciationAndAmortization": 92127000,
    "ebitda": 987034000,
    "ebitdaratio": 0.4274917026,
    "operatingIncome": 886263000,
    "operatingIncomeRatio": 0.3872382985,
    "totalOtherIncomeExpensesNet": -48622000,
    "incomeBeforeTax": 846285000,
    "incomeBeforeTaxRatio": 0.3697705573,
    "incomeTaxExpense": 115625000,
    "netIncome": 730572000,
    "netIncomeRatio": 0.3192116315,
    "eps": 4.87,
    "epsdiluted": 4.83,
    "weightedAverageShsOut": 150145000,
    "weightedAverageShsOutDil": 151186000,
    "link": "https://www.sec.gov/Archives/edgar/data/319201/000031920122000012/0000319201-22-000012-index.htm",
    "finalLink": "https://www.sec.gov/Archives/edgar/data/319201/000031920122000012/klac-20220331.htm"
  },
  {
    "date": "2021-12-31",
    "symbol": "KLAC",
    "reportedCurrency": "USD",
    "cik": "0000319201",
    "fillingDate": "2022-01-28",
    "acceptedDate": "2022-01-28 16:24:00",
    "calendarYear": "2022",
    "period": "Q2",
    "revenue": 2352630000,
    "costOfRevenue": 908162000,
    "grossProfit": 1444468000,
    "grossProfitRatio": 0.6139800989,
    "researchAndDevelopmentExpenses": 265031000,
    "generalAndAdministrativeExpenses": 0,
    "sellingAndMarketingExpenses": 0,
    "sellingGeneralAndAdministrativeExpenses": 213479000,
    "otherExpenses": -1201000,
    "operatingExpenses": 478510000,
    "costAndExpenses": 1386672000,
    "interestIncome": 0,
    "interestExpense": 37852000,
    "depreciationAndAmortization": 85545000,
    "ebitda": 1050023000,
    "ebitdaratio": 0.4464373913,
    "operatingIncome": 964684000,
    "operatingIncomeRatio": 0.4100449284,
    "totalOtherIncomeExpensesNet": -39053000,
    "incomeBeforeTax": 926905000,
    "incomeBeforeTaxRatio": 0.3939867297,
    "incomeTaxExpense": 209388000,
    "netIncome": 717444000,
    "netIncomeRatio": 0.3049540302,
    "eps": 4.74,
    "epsdiluted": 4.71,
    "weightedAverageShsOut": 151251000,
    "weightedAverageShsOutDil": 152331000,
    "link": "https://www.sec.gov/Archives/edgar/data/319201/000031920122000006/0000319201-22-000006-index.htm",
    "finalLink": "https://www.sec.gov/Archives/edgar/data/319201/000031920122000006/klac-20211231.htm"
  },
  {
    "date": "2021-09-30",
    "symbol": "KLAC",
    "reportedCurrency": "USD",
    "cik": "0000319201",
    "fillingDate": "2021-10-28",
    "acceptedDate": "2021-10-28 16:45:50",
    "calendarYear": "2022",
    "period": "Q1",
    "revenue": 2083838000,
    "costOfRevenue": 813624000,
    "grossProfit": 1270214000,
    "grossProfitRatio": 0.6095550614,
    "researchAndDevelopmentExpenses": 258153000,
    "generalAndAdministrativeExpenses": 0,
    "sellingAndMarketingExpenses": 0,
    "sellingGeneralAndAdministrativeExpenses": 193261000,
    "otherExpenses": -14140000,
    "operatingExpenses": 451414000,
    "costAndExpenses": 1265038000,
    "interestIncome": 0,
    "interestExpense": 38312000,
    "depreciationAndAmortization": 84824000,
    "ebitda": 903624000,
    "ebitdaratio": 0.4268489201,
    "operatingIncome": 818800000,
    "operatingIncomeRatio": 0.3929288169,
    "totalOtherIncomeExpensesNet": -52452000,
    "incomeBeforeTax": 766348000,
    "incomeBeforeTaxRatio": 0.3677579543,
    "incomeTaxExpense": -302137000,
    "netIncome": 1068417000,
    "netIncomeRatio": 0.5127159597,
    "eps": 7.01,
    "epsdiluted": 6.96,
    "weightedAverageShsOut": 152330000,
    "weightedAverageShsOutDil": 153410000,
    "link": "https://www.sec.gov/Archives/edgar/data/319201/000031920121000037/0000319201-21-000037-index.htm",
    "finalLink": "https://www.sec.gov/Archives/edgar/data/319201/000031920121000037/klac-20210930.htm"
  },
  {
    "date": "2021-06-30",
    "symbol": "KLAC",
    "reportedCurrency": "USD",
    "cik": "0000319201",
    "fillingDate": "2021-08-06",
    "acceptedDate": "2021-08-06 16:53:10",
    "calendarYear": "2021",
    "period": "Q4",
    "revenue": 1925471000,
    "costOfRevenue": 772241000,
    "grossProfit": 1153230000,
    "grossProfitRatio": 0.5989339751,
    "researchAndDevelopmentExpenses": 241428000,
    "generalAndAdministrativeExpenses": 0,
    "sellingAndMarketingExpenses": 0,
    "sellingGeneralAndAdministrativeExpenses": 192022000,
    "otherExpenses": 29033000,
    "operatingExpenses": 433450000,
    "costAndExpenses": 1205691000,
    "interestIncome": 8929000,
    "interestExpense": 39970000,
    "depreciationAndAmortization": 84647000,
    "ebitda": 833181000,
    "ebitdaratio": 0.4328603235,
    "operatingIncome": 719780000,
    "operatingIncomeRatio": 0.3738202237,
    "totalOtherIncomeExpensesNet": -10937000,
    "incomeBeforeTax": 708843000,
    "incomeBeforeTaxRatio": 0.3681400551,
    "incomeTaxExpense": 75785000,
    "netIncome": 632978000,
    "netIncomeRatio": 0.3287393059,
    "eps": 4.14,
    "epsdiluted": 4.1,
    "weightedAverageShsOut": 152971000,
    "weightedAverageShsOutDil": 154283000,
    "link": "https://www.sec.gov/Archives/edgar/data/319201/000031920121000029/0000319201-21-000029-index.htm",
    "finalLink": "https://www.sec.gov/Archives/edgar/data/319201/000031920121000029/klac-20210630.htm"
  },
  {
    "date": "2021-03-31",
    "symbol": "KLAC",
    "reportedCurrency": "USD",
    "cik": "0000319201",
    "fillingDate": "2021-04-30",
    "acceptedDate": "2021-04-30 16:25:01",
    "calendarYear": "2021",
    "period": "Q3",
    "revenue": 1803773000,
    "costOfRevenue": 709629000,
    "grossProfit": 1094144000,
    "grossProfitRatio": 0.6065863055,
    "researchAndDevelopmentExpenses": 238957000,
    "generalAndAdministrativeExpenses": 0,
    "sellingAndMarketingExpenses": 0,
    "sellingGeneralAndAdministrativeExpenses": 183040000,
    "otherExpenses": 7348000,
    "operatingExpenses": 421997000,
    "costAndExpenses": 1131626000,
    "interestIncome": 0,
    "interestExpense": 39092000,
    "depreciationAndAmortization": 84365000,
    "ebitda": 763581000,
    "ebitdaratio": 0.4234790076,
    "operatingIncome": 672147000,
    "operatingIncomeRatio": 0.3726339179,
    "totalOtherIncomeExpensesNet": -31744000,
    "incomeBeforeTax": 640403000,
    "incomeBeforeTaxRatio": 0.3550352511,
    "incomeTaxExpense": 73233000,
    "netIncome": 567496000,
    "netIncomeRatio": 0.3146160853,
    "eps": 3.69,
    "epsdiluted": 3.66,
    "weightedAverageShsOut": 153801000,
    "weightedAverageShsOutDil": 155159000,
    "link": "https://www.sec.gov/Archives/edgar/data/319201/000031920121000017/0000319201-21-000017-index.htm",
    "finalLink": "https://www.sec.gov/Archives/edgar/data/319201/000031920121000017/klac-20210331.htm"
  },
  {
    "date": "2020-12-31",
    "symbol": "KLAC",
    "reportedCurrency": "USD",
    "cik": "0000319201",
    "fillingDate": "2021-02-04",
    "acceptedDate": "2021-02-04 16:39:37",
    "calendarYear": "2021",
    "period": "Q2",
    "revenue": 1650870000,
    "costOfRevenue": 669733000,
    "grossProfit": 981137000,
    "grossProfitRatio": 0.5943151187,
    "researchAndDevelopmentExpenses": 229064000,
    "generalAndAdministrativeExpenses": 0,
    "sellingAndMarketingExpenses": 0,
    "sellingGeneralAndAdministrativeExpenses": 181909000,
    "otherExpenses": -3882000,
    "operatingExpenses": 410973000,
    "costAndExpenses": 1080706000,
    "interestIncome": 0,
    "interestExpense": 38880000,
    "depreciationAndAmortization": 84257000,
    "ebitda": 650260000,
    "ebitdaratio": 0.3940582844,
    "operatingIncome": 570164000,
    "operatingIncomeRatio": 0.3453718342,
    "totalOtherIncomeExpensesNet": -42762000,
    "incomeBeforeTax": 527402000,
    "incomeBeforeTaxRatio": 0.3194691284,
    "incomeTaxExpense": 70419000,
    "netIncome": 457251000,
    "netIncomeRatio": 0.2769757764,
    "eps": 2.96,
    "epsdiluted": 2.94,
    "weightedAverageShsOut": 154273000,
    "weightedAverageShsOutDil": 155560000,
    "link": "https://www.sec.gov/Archives/edgar/data/319201/000031920121000008/0000319201-21-000008-index.htm",
    "finalLink": "https://www.sec.gov/Archives/edgar/data/319201/000031920121000008/klac-20201231.htm"
  },
  {
    "date": "2020-09-30",
    "symbol": "KLAC",
    "reportedCurrency": "USD",
    "cik": "0000319201",
    "fillingDate": "2020-10-30",
    "acceptedDate": "2020-10-30 16:36:28",
    "calendarYear": "2021",
    "period": "Q1",
    "revenue": 1538620000,
    "costOfRevenue": 620562000,
    "grossProfit": 918058000,
    "grossProfitRatio": 0.5966762423,
    "researchAndDevelopmentExpenses": 219038000,
    "generalAndAdministrativeExpenses": 0,
    "sellingAndMarketingExpenses": 0,
    "sellingGeneralAndAdministrativeExpenses": 172631000,
    "otherExpenses": -3197000,
    "operatingExpenses": 391669000,
    "costAndExpenses": 1012231000,
    "interestIncome": 0,
    "interestExpense": 39386000,
    "depreciationAndAmortization": 80066000,
    "ebitda": 606455000,
    "ebitdaratio": 0.392077316,
    "operatingIncome": 526389000,
    "operatingIncomeRatio": 0.3421176119,
    "totalOtherIncomeExpensesNet": -42583000,
    "incomeBeforeTax": 483806000,
    "incomeBeforeTaxRatio": 0.3144415125,
    "incomeTaxExpense": 63664000,
    "netIncome": 420567000,
    "netIncomeRatio": 0.2733403959,
    "eps": 2.71,
    "epsdiluted": 2.69,
    "weightedAverageShsOut": 155281000,
    "weightedAverageShsOutDil": 156442000,
    "link": "https://www.sec.gov/Archives/edgar/data/319201/000031920120000057/0000319201-20-000057-index.htm",
    "finalLink": "https://www.sec.gov/Archives/edgar/data/319201/000031920120000057/klac-20200930.htm"
  },
  {
    "date": "2020-06-30",
    "symbol": "KLAC",
    "reportedCurrency": "USD",
    "cik": "0000319201",
    "fillingDate": "2020-08-07",
    "acceptedDate": "2020-08-07 18:36:10",
    "calendarYear": "2020",
    "period": "Q4",
    "revenue": 1459593000,
    "costOfRevenue": 621544000,
    "grossProfit": 838049000,
    "grossProfitRatio": 0.574166223,
    "researchAndDevelopmentExpenses": 217100000,
    "generalAndAdministrativeExpenses": 566358000,
    "sellingAndMarketingExpenses": -398567000,
    "sellingGeneralAndAdministrativeExpenses": 167791000,
    "otherExpenses": -7868000,
    "operatingExpenses": 384891000,
    "costAndExpenses": 1006435000,
    "interestIncome": 0,
    "interestExpense": 40221000,
    "depreciationAndAmortization": 78937000,
    "ebitda": 530267000,
    "ebitdaratio": 0.359159711,
    "operatingIncome": 453158000,
    "operatingIncomeRatio": 0.3104687403,
    "totalOtherIncomeExpensesNet": -48089000,
    "incomeBeforeTax": 405069000,
    "incomeBeforeTaxRatio": 0.2775218845,
    "incomeTaxExpense": -5246000,
    "netIncome": 411253000,
    "netIncomeRatio": 0.281758682,
    "eps": 2.65,
    "epsdiluted": 2.63,
    "weightedAverageShsOut": 155106000,
    "weightedAverageShsOutDil": 156183000,
    "link": "https://www.sec.gov/Archives/edgar/data/319201/000031920120000047/0000319201-20-000047-index.htm",
    "finalLink": "https://www.sec.gov/Archives/edgar/data/319201/000031920120000047/klac-20200630.htm"
  },
  {
    "date": "2020-03-31",
    "symbol": "KLAC",
    "reportedCurrency": "USD",
    "cik": "0000319201",
    "fillingDate": "2020-05-06",
    "acceptedDate": "2020-05-06 16:26:18",
    "calendarYear": "2020",
    "period": "Q3",
    "revenue": 1423964000,
    "costOfRevenue": 590158000,
    "grossProfit": 833806000,
    "grossProfitRatio": 0.5855527246,
    "researchAndDevelopmentExpenses": 215433000,
    "generalAndAdministrativeExpenses": 185760000,
    "sellingAndMarketingExpenses": 0,
    "sellingGeneralAndAdministrativeExpenses": 185760000,
    "otherExpenses": 1004000,
    "operatingExpenses": 401193000,
    "costAndExpenses": 991351000,
    "interestIncome": 0,
    "interestExpense": 39231000,
    "depreciationAndAmortization": 81990000,
    "ebitda": 236261000,
    "ebitdaratio": 0.3620927214,
    "operatingIncome": 432613000,
    "operatingIncomeRatio": 0.3038089446,
    "totalOtherIncomeExpensesNet": -317414000,
    "incomeBeforeTax": 115199000,
    "incomeBeforeTaxRatio": 0.0809002194,
    "incomeTaxExpense": 37190000,
    "netIncome": 78452000,
    "netIncomeRatio": 0.0550940895,
    "eps": 0.5,
    "epsdiluted": 0.5,
    "weightedAverageShsOut": 156067000,
    "weightedAverageShsOutDil": 157172000,
    "link": "https://www.sec.gov/Archives/edgar/data/319201/000031920120000026/0000319201-20-000026-index.htm",
    "finalLink": "https://www.sec.gov/Archives/edgar/data/319201/000031920120000026/klac10q033120.htm"
  },
  {
    "date": "2019-12-31",
    "symbol": "KLAC",
    "reportedCurrency": "USD",
    "cik": "0000319201",
    "fillingDate": "2020-02-05",
    "acceptedDate": "2020-02-05 16:28:28",
    "calendarYear": "2020",
    "period": "Q2",
    "revenue": 1509453000,
    "costOfRevenue": 633618000,
    "grossProfit": 875835000,
    "grossProfitRatio": 0.5802333693,
    "researchAndDevelopmentExpenses": 220751000,
    "generalAndAdministrativeExpenses": 192253000,
    "sellingAndMarketingExpenses": 0,
    "sellingGeneralAndAdministrativeExpenses": 192253000,
    "otherExpenses": 2568000,
    "operatingExpenses": 413004000,
    "costAndExpenses": 1046622000,
    "interestIncome": 0,
    "interestExpense": 40472000,
    "depreciationAndAmortization": 88534000,
    "ebitda": 551365000,
    "ebitdaratio": 0.3652747055,
    "operatingIncome": 462831000,
    "operatingIncomeRatio": 0.3066216702,
    "totalOtherIncomeExpensesNet": -37904000,
    "incomeBeforeTax": 424927000,
    "incomeBeforeTaxRatio": 0.2815105869,
    "incomeTaxExpense": 44622000,
    "netIncome": 380555000,
    "netIncomeRatio": 0.2521145077,
    "eps": 2.42,
    "epsdiluted": 2.4,
    "weightedAverageShsOut": 157290000,
    "weightedAverageShsOutDil": 158620000,
    "link": "https://www.sec.gov/Archives/edgar/data/319201/000031920120000008/0000319201-20-000008-index.htm",
    "finalLink": "https://www.sec.gov/Archives/edgar/data/319201/000031920120000008/klac10q123119.htm"
  },
  {
    "date": "2019-09-30",
    "symbol": "KLAC",
    "reportedCurrency": "USD",
    "cik": "0000319201",
    "fillingDate": "2019-10-31",
    "acceptedDate": "2019-10-31 16:24:48",
    "calendarYear": "2020",
    "period": "Q1",
    "revenue": 1413414000,
    "costOfRevenue": 604241000,
    "grossProfit": 809173000,
    "grossProfitRatio": 0.5724953906,
    "researchAndDevelopmentExpenses": 210580000,
    "generalAndAdministrativeExpenses": 188345000,
    "sellingAndMarketingExpenses": 0,
    "sellingGeneralAndAdministrativeExpenses": 188345000,
    "otherExpenses": 1618000,
    "operatingExpenses": 398925000,
    "costAndExpenses": 1003166000,
    "interestIncome": 0,
    "interestExpense": 38732000,
    "depreciationAndAmortization": 98588000,
    "ebitda": 508836000,
    "ebitdaratio": 0.3600049242,
    "operatingIncome": 410248000,
    "operatingIncomeRatio": 0.290253245,
    "totalOtherIncomeExpensesNet": -38732000,
    "incomeBeforeTax": 371516000,
    "incomeBeforeTaxRatio": 0.262850092,
    "incomeTaxExpense": 25120000,
    "netIncome": 346525000,
    "netIncomeRatio": 0.2451687899,
    "eps": 2.18,
    "epsdiluted": 2.16,
    "weightedAverageShsOut": 158697000,
    "weightedAverageShsOutDil": 160131000,
    "link": "https://www.sec.gov/Archives/edgar/data/319201/000031920119000039/0000319201-19-000039-index.htm",
    "finalLink": "https://www.sec.gov/Archives/edgar/data/319201/000031920119000039/klac10q093019.htm"
  },
  {
    "date": "2019-06-30",
    "symbol": "KLAC",
    "reportedCurrency": "USD",
    "cik": "0000319201",
    "fillingDate": "2019-08-16",
    "acceptedDate": "2019-08-16 16:58:19",
    "calendarYear": "2019",
    "period": "Q4",
    "revenue": 1258435000,
    "costOfRevenue": 592785000,
    "grossProfit": 665650000,
    "grossProfitRatio": 0.5289506411,
    "researchAndDevelopmentExpenses": 206710000,
    "generalAndAdministrativeExpenses": 190040000,
    "sellingAndMarketingExpenses": 0,
    "sellingGeneralAndAdministrativeExpenses": 190040000,
    "otherExpenses": -36468000,
    "operatingExpenses": 396750000,
    "costAndExpenses": 989535000,
    "interestIncome": 0,
    "interestExpense": 37590000,
    "depreciationAndAmortization": 127886000,
    "ebitda": 396786000,
    "ebitdaratio": 0.3153011479,
    "operatingIncome": 268900000,
    "operatingIncomeRatio": 0.2136781002,
    "totalOtherIncomeExpensesNet": -37590000,
    "incomeBeforeTax": 231310000,
    "incomeBeforeTaxRatio": 0.1838076659,
    "incomeTaxExpense": 13982000,
    "netIncome": 217845000,
    "netIncomeRatio": 0.1731078681,
    "eps": 1.36,
    "epsdiluted": 1.35,
    "weightedAverageShsOut": 160546000,
    "weightedAverageShsOutDil": 161937000,
    "link": "https://www.sec.gov/Archives/edgar/data/319201/000031920119000031/0000319201-19-000031-index.htm",
    "finalLink": "https://www.sec.gov/Archives/edgar/data/319201/000031920119000031/klac10k2019.htm"
  },
  {
    "date": "2019-03-31",
    "symbol": "KLAC",
    "reportedCurrency": "USD",
    "cik": "0000319201",
    "fillingDate": "2019-05-08",
    "acceptedDate": "2019-05-08 08:48:30",
    "calendarYear": "2019",
    "period": "Q3",
    "revenue": 1097311000,
    "costOfRevenue": 486945000,
    "grossProfit": 610366000,
    "grossProfitRatio": 0.5562379307,
    "researchAndDevelopmentExpenses": 184887000,
    "generalAndAdministrativeExpenses": 182184000,
    "sellingAndMarketingExpenses": 0,
    "sellingGeneralAndAdministrativeExpenses": 182184000,
    "otherExpenses": 9282000,
    "operatingExpenses": 367071000,
    "costAndExpenses": 854016000,
    "interestIncome": 0,
    "interestExpense": 21905000,
    "depreciationAndAmortization": 73445000,
    "ebitda": 316740000,
    "ebitdaratio": 0.2886510752,
    "operatingIncome": 243295000,
    "operatingIncomeRatio": 0.2217192756,
    "totalOtherIncomeExpensesNet": -21905000,
    "incomeBeforeTax": 221390000,
    "incomeBeforeTaxRatio": 0.2017568401,
    "incomeTaxExpense": 28745000,
    "netIncome": 192728000,
    "netIncomeRatio": 0.1756366244,
    "eps": 1.23,
    "epsdiluted": 1.23,
    "weightedAverageShsOut": 156349000,
    "weightedAverageShsOutDil": 157182000,
    "link": "https://www.sec.gov/Archives/edgar/data/319201/000031920119000018/0000319201-19-000018-index.htm",
    "finalLink": "https://www.sec.gov/Archives/edgar/data/319201/000031920119000018/klac10q033119.htm"
  },
  {
    "date": "2018-12-31",
    "symbol": "KLAC",
    "reportedCurrency": "USD",
    "cik": "0000319201",
    "fillingDate": "2019-01-29",
    "acceptedDate": "2019-01-29 16:51:12",
    "calendarYear": "2019",
    "period": "Q2",
    "revenue": 1119898000,
    "costOfRevenue": 408260000,
    "grossProfit": 711638000,
    "grossProfitRatio": 0.6354489427,
    "researchAndDevelopmentExpenses": 165903000,
    "generalAndAdministrativeExpenses": 112462000,
    "sellingAndMarketingExpenses": 0,
    "sellingGeneralAndAdministrativeExpenses": 112462000,
    "otherExpenses": 9228000,
    "operatingExpenses": 278365000,
    "costAndExpenses": 686625000,
    "interestIncome": 0,
    "interestExpense": 26538000,
    "depreciationAndAmortization": 15806000,
    "ebitda": 449079000,
    "ebitdaratio": 0.4092399486,
    "operatingIncome": 433273000,
    "operatingIncomeRatio": 0.3868861271,
    "totalOtherIncomeExpensesNet": -17310000,
    "incomeBeforeTax": 415963000,
    "incomeBeforeTaxRatio": 0.3714293623,
    "incomeTaxExpense": 46863000,
    "netIncome": 369100000,
    "netIncomeRatio": 0.3295835871,
    "eps": 2.43,
    "epsdiluted": 2.42,
    "weightedAverageShsOut": 152148000,
    "weightedAverageShsOutDil": 152648000,
    "link": "https://www.sec.gov/Archives/edgar/data/319201/000031920119000009/0000319201-19-000009-index.htm",
    "finalLink": "https://www.sec.gov/Archives/edgar/data/319201/000031920119000009/klac10q123118.htm"
  },
  {
    "date": "2018-09-30",
    "symbol": "KLAC",
    "reportedCurrency": "USD",
    "cik": "0000319201",
    "fillingDate": "2018-10-31",
    "acceptedDate": "2018-10-31 16:34:02",
    "calendarYear": "2019",
    "period": "Q1",
    "revenue": 1093260000,
    "costOfRevenue": 381387000,
    "grossProfit": 711873000,
    "grossProfitRatio": 0.6511470282,
    "researchAndDevelopmentExpenses": 153530000,
    "generalAndAdministrativeExpenses": 114438000,
    "sellingAndMarketingExpenses": 0,
    "sellingGeneralAndAdministrativeExpenses": 114438000,
    "otherExpenses": 10025000,
    "operatingExpenses": 267968000,
    "costAndExpenses": 649355000,
    "interestIncome": 0,
    "interestExpense": 16337000,
    "depreciationAndAmortization": 16087000,
    "ebitda": 459992000,
    "ebitdaratio": 0.4207526115,
    "operatingIncome": 443905000,
    "operatingIncomeRatio": 0.406037905,
    "totalOtherIncomeExpensesNet": -16337000,
    "incomeBeforeTax": 427568000,
    "incomeBeforeTaxRatio": 0.3910945246,
    "incomeTaxExpense": 31624000,
    "netIncome": 395944000,
    "netIncomeRatio": 0.3621681942,
    "eps": 2.55,
    "epsdiluted": 2.54,
    "weightedAverageShsOut": 155221000,
    "weightedAverageShsOutDil": 156083000,
    "link": "https://www.sec.gov/Archives/edgar/data/319201/000031920118000055/0000319201-18-000055-index.htm",
    "finalLink": "https://www.sec.gov/Archives/edgar/data/319201/000031920118000055/klac10q093018.htm"
  },
  {
    "date": "2018-06-30",
    "symbol": "KLAC",
    "reportedCurrency": "USD",
    "cik": "0000319201",
    "fillingDate": "2018-08-06",
    "acceptedDate": "2018-08-06 16:48:30",
    "calendarYear": "2018",
    "period": "Q4",
    "revenue": 1070004000,
    "costOfRevenue": 377898000,
    "grossProfit": 692106000,
    "grossProfitRatio": 0.6468256193,
    "researchAndDevelopmentExpenses": 151951000,
    "generalAndAdministrativeExpenses": 116649000,
    "sellingAndMarketingExpenses": 0,
    "sellingGeneralAndAdministrativeExpenses": 116649000,
    "otherExpenses": -24660000,
    "operatingExpenses": 268600000,
    "costAndExpenses": 646498000,
    "interestIncome": 0,
    "interestExpense": 17017000,
    "depreciationAndAmortization": 14989000,
    "ebitda": 436521000,
    "ebitdaratio": 0.4098068792,
    "operatingIncome": 423506000,
    "operatingIncomeRatio": 0.3957985204,
    "totalOtherIncomeExpensesNet": -17017000,
    "incomeBeforeTax": 406489000,
    "incomeBeforeTaxRatio": 0.3798948415,
    "incomeTaxExpense": 57722000,
    "netIncome": 348767000,
    "netIncomeRatio": 0.3259492488,
    "eps": 2.24,
    "epsdiluted": 2.22,
    "weightedAverageShsOut": 155740000,
    "weightedAverageShsOutDil": 156822000,
    "link": "https://www.sec.gov/Archives/edgar/data/319201/000031920118000045/0000319201-18-000045-index.htm",
    "finalLink": "https://www.sec.gov/Archives/edgar/data/319201/000031920118000045/klac10k2018.htm"
  },
  {
    "date": "2018-03-31",
    "symbol": "KLAC",
    "reportedCurrency": "USD",
    "cik": "0000319201",
    "fillingDate": "2018-04-27",
    "acceptedDate": "2018-04-26 17:41:09",
    "calendarYear": "2018",
    "period": "Q3",
    "revenue": 1021294000,
    "costOfRevenue": 368688000,
    "grossProfit": 652606000,
    "grossProfitRatio": 0.6389991521,
    "researchAndDevelopmentExpenses": 153284000,
    "generalAndAdministrativeExpenses": 113518000,
    "sellingAndMarketingExpenses": 0,
    "sellingGeneralAndAdministrativeExpenses": 113518000,
    "otherExpenses": 8298000,
    "operatingExpenses": 266802000,
    "costAndExpenses": 635490000,
    "interestIncome": 0,
    "interestExpense": 19821000,
    "depreciationAndAmortization": 16283000,
    "ebitda": 402087000,
    "ebitdaratio": 0.3937034781,
    "operatingIncome": 385804000,
    "operatingIncomeRatio": 0.377759979,
    "totalOtherIncomeExpensesNet": -19821000,
    "incomeBeforeTax": 365983000,
    "incomeBeforeTaxRatio": 0.3583522472,
    "incomeTaxExpense": 59102000,
    "netIncome": 306881000,
    "netIncomeRatio": 0.3004825251,
    "eps": 1.96,
    "epsdiluted": 1.95,
    "weightedAverageShsOut": 156221000,
    "weightedAverageShsOutDil": 157201000,
    "link": "https://www.sec.gov/Archives/edgar/data/319201/000031920118000021/0000319201-18-000021-index.htm",
    "finalLink": "https://www.sec.gov/Archives/edgar/data/319201/000031920118000021/klac10q033118.htm"
  },
  {
    "date": "2017-12-31",
    "symbol": "KLAC",
    "reportedCurrency": "USD",
    "cik": "0000319201",
    "fillingDate": "2018-01-26",
    "acceptedDate": "2018-01-25 18:10:51",
    "calendarYear": "2018",
    "period": "Q2",
    "revenue": 975822000,
    "costOfRevenue": 347334000,
    "grossProfit": 628488000,
    "grossProfitRatio": 0.6440600847,
    "researchAndDevelopmentExpenses": 156745000,
    "generalAndAdministrativeExpenses": 105546000,
    "sellingAndMarketingExpenses": 0,
    "sellingGeneralAndAdministrativeExpenses": 105546000,
    "otherExpenses": 8482000,
    "operatingExpenses": 262291000,
    "costAndExpenses": 609625000,
    "interestIncome": 0,
    "interestExpense": 18890000,
    "depreciationAndAmortization": 16130000,
    "ebitda": 382327000,
    "ebitdaratio": 0.3917999389,
    "operatingIncome": 366197000,
    "operatingIncomeRatio": 0.3752702849,
    "totalOtherIncomeExpensesNet": -18890000,
    "incomeBeforeTax": 347307000,
    "incomeBeforeTaxRatio": 0.3559122463,
    "incomeTaxExpense": 481626000,
    "netIncome": -134319000,
    "netIncomeRatio": -0.1376470299,
    "eps": -0.86,
    "epsdiluted": -0.86,
    "weightedAverageShsOut": 156184883,
    "weightedAverageShsOutDil": 156587000,
    "link": "https://www.sec.gov/Archives/edgar/data/319201/000031920118000008/0000319201-18-000008-index.htm",
    "finalLink": "https://www.sec.gov/Archives/edgar/data/319201/000031920118000008/klac10q123117.htm"
  },
  {
    "date": "2017-09-30",
    "symbol": "KLAC",
    "reportedCurrency": "USD",
    "cik": "0000319201",
    "fillingDate": "2017-10-27",
    "acceptedDate": "2017-10-26 17:51:05",
    "calendarYear": "2018",
    "period": "Q1",
    "revenue": 969581000,
    "costOfRevenue": 353449000,
    "grossProfit": 616132000,
    "grossProfitRatio": 0.6354621223,
    "researchAndDevelopmentExpenses": 146732000,
    "generalAndAdministrativeExpenses": 107713000,
    "sellingAndMarketingExpenses": 0,
    "sellingGeneralAndAdministrativeExpenses": 107713000,
    "otherExpenses": 5041000,
    "operatingExpenses": 254445000,
    "costAndExpenses": 607894000,
    "interestIncome": 0,
    "interestExpense": 25535000,
    "depreciationAndAmortization": 15282000,
    "ebitda": 376969000,
    "ebitdaratio": 0.3887957788,
    "operatingIncome": 361687000,
    "operatingIncomeRatio": 0.3730343313,
    "totalOtherIncomeExpensesNet": -25535000,
    "incomeBeforeTax": 336152000,
    "incomeBeforeTaxRatio": 0.3466982129,
    "incomeTaxExpense": 55216000,
    "netIncome": 280936000,
    "netIncomeRatio": 0.2897499023,
    "eps": 1.79,
    "epsdiluted": 1.78,
    "weightedAverageShsOut": 156826000,
    "weightedAverageShsOutDil": 157846000,
    "link": "https://www.sec.gov/Archives/edgar/data/319201/000031920117000045/0000319201-17-000045-index.htm",
    "finalLink": "https://www.sec.gov/Archives/edgar/data/319201/000031920117000045/klac10q93017.htm"
  },
  {
    "date": "2017-06-30",
    "symbol": "KLAC",
    "reportedCurrency": "USD",
    "cik": "0000319201",
    "fillingDate": "2017-08-04",
    "acceptedDate": "2017-08-04 17:12:04",
    "calendarYear": "2017",
    "period": "Q4",
    "revenue": 938647000,
    "costOfRevenue": 347930000,
    "grossProfit": 590717000,
    "grossProfitRatio": 0.6293281713,
    "researchAndDevelopmentExpenses": 136555000,
    "generalAndAdministrativeExpenses": 105164000,
    "sellingAndMarketingExpenses": 0,
    "sellingGeneralAndAdministrativeExpenses": 105164000,
    "otherExpenses": -16138000,
    "operatingExpenses": 241719000,
    "costAndExpenses": 589649000,
    "interestIncome": 0,
    "interestExpense": 23966000,
    "depreciationAndAmortization": 14324000,
    "ebitda": 363322000,
    "ebitdaratio": 0.3870698995,
    "operatingIncome": 348998000,
    "operatingIncomeRatio": 0.3718096366,
    "totalOtherIncomeExpensesNet": -23966000,
    "incomeBeforeTax": 325032000,
    "incomeBeforeTaxRatio": 0.3462771415,
    "incomeTaxExpense": 68870000,
    "netIncome": 256162000,
    "netIncomeRatio": 0.2729055758,
    "eps": 1.64,
    "epsdiluted": 1.62,
    "weightedAverageShsOut": 156668000,
    "weightedAverageShsOutDil": 157931000,
    "link": "https://www.sec.gov/Archives/edgar/data/319201/000031920117000034/0000319201-17-000034-index.htm",
    "finalLink": "https://www.sec.gov/Archives/edgar/data/319201/000031920117000034/klac10k2017.htm"
  },
  {
    "date": "2017-03-31",
    "symbol": "KLAC",
    "reportedCurrency": "USD",
    "cik": "0000319201",
    "fillingDate": "2017-04-28",
    "acceptedDate": "2017-04-27 18:16:52",
    "calendarYear": "2017",
    "period": "Q3",
    "revenue": 913809000,
    "costOfRevenue": 343274000,
    "grossProfit": 570535000,
    "grossProfitRatio": 0.6243481953,
    "researchAndDevelopmentExpenses": 130170000,
    "generalAndAdministrativeExpenses": 96252000,
    "sellingAndMarketingExpenses": 0,
    "sellingGeneralAndAdministrativeExpenses": 96252000,
    "otherExpenses": 5508000,
    "operatingExpenses": 226422000,
    "costAndExpenses": 569696000,
    "interestIncome": 0,
    "interestExpense": 24964000,
    "depreciationAndAmortization": 14198000,
    "ebitda": 358311000,
    "ebitdaratio": 0.3921071033,
    "operatingIncome": 344113000,
    "operatingIncomeRatio": 0.3765699397,
    "totalOtherIncomeExpensesNet": -24964000,
    "incomeBeforeTax": 319149000,
    "incomeBeforeTaxRatio": 0.3492513206,
    "incomeTaxExpense": 65587000,
    "netIncome": 253562000,
    "netIncomeRatio": 0.2774781163,
    "eps": 1.62,
    "epsdiluted": 1.61,
    "weightedAverageShsOut": 156749000,
    "weightedAverageShsOutDil": 157746000,
    "link": "https://www.sec.gov/Archives/edgar/data/319201/000031920117000017/0000319201-17-000017-index.htm",
    "finalLink": "https://www.sec.gov/Archives/edgar/data/319201/000031920117000017/klac10q33117.htm"
  },
  {
    "date": "2016-12-31",
    "symbol": "KLAC",
    "reportedCurrency": "USD",
    "cik": "0000319201",
    "fillingDate": "2017-01-27",
    "acceptedDate": "2017-01-26 18:01:59",
    "calendarYear": "2017",
    "period": "Q2",
    "revenue": 876885000,
    "costOfRevenue": 318507000,
    "grossProfit": 558378000,
    "grossProfitRatio": 0.6367744915,
    "researchAndDevelopmentExpenses": 130912000,
    "generalAndAdministrativeExpenses": 93532000,
    "sellingAndMarketingExpenses": 0,
    "sellingGeneralAndAdministrativeExpenses": 93532000,
    "otherExpenses": 3535000,
    "operatingExpenses": 224444000,
    "costAndExpenses": 542951000,
    "interestIncome": 0,
    "interestExpense": 27089000,
    "depreciationAndAmortization": 14892000,
    "ebitda": 348826000,
    "ebitdaratio": 0.397801308,
    "operatingIncome": 333934000,
    "operatingIncomeRatio": 0.3808184654,
    "totalOtherIncomeExpensesNet": -27089000,
    "incomeBeforeTax": 306845000,
    "incomeBeforeTaxRatio": 0.3499261591,
    "incomeTaxExpense": 68594000,
    "netIncome": 238251000,
    "netIncomeRatio": 0.2717015344,
    "eps": 1.52,
    "epsdiluted": 1.52,
    "weightedAverageShsOut": 156335000,
    "weightedAverageShsOutDil": 157123000,
    "link": "https://www.sec.gov/Archives/edgar/data/319201/000031920117000006/0000319201-17-000006-index.htm",
    "finalLink": "https://www.sec.gov/Archives/edgar/data/319201/000031920117000006/klac10q123116.htm"
  },
  {
    "date": "2016-09-30",
    "symbol": "KLAC",
    "reportedCurrency": "USD",
    "cik": "0000319201",
    "fillingDate": "2016-10-20",
    "acceptedDate": "2016-10-20 17:06:56",
    "calendarYear": "2017",
    "period": "Q1",
    "revenue": 750673000,
    "costOfRevenue": 277836000,
    "grossProfit": 472837000,
    "grossProfitRatio": 0.6298841173,
    "researchAndDevelopmentExpenses": 129233000,
    "generalAndAdministrativeExpenses": 94388000,
    "sellingAndMarketingExpenses": 0,
    "sellingGeneralAndAdministrativeExpenses": 94388000,
    "otherExpenses": 3736000,
    "operatingExpenses": 223621000,
    "costAndExpenses": 501457000,
    "interestIncome": 0,
    "interestExpense": 30732000,
    "depreciationAndAmortization": 14422000,
    "ebitda": 267563000,
    "ebitdaratio": 0.3561790553,
    "operatingIncome": 249216000,
    "operatingIncomeRatio": 0.3319900942,
    "totalOtherIncomeExpensesNet": -26996000,
    "incomeBeforeTax": 222220000,
    "incomeBeforeTaxRatio": 0.2960276978,
    "incomeTaxExpense": 44119000,
    "netIncome": 178101000,
    "netIncomeRatio": 0.2372551031,
    "eps": 1.14,
    "epsdiluted": 1.13,
    "weightedAverageShsOut": 156129000,
    "weightedAverageShsOutDil": 157021000,
    "link": "https://www.sec.gov/Archives/edgar/data/319201/000031920116000104/0000319201-16-000104-index.htm",
    "finalLink": "https://www.sec.gov/Archives/edgar/data/319201/000031920116000104/klac10q93016.htm"
  },
  {
    "date": "2016-06-30",
    "symbol": "KLAC",
    "reportedCurrency": "USD",
    "cik": "0000319201",
    "fillingDate": "2016-08-05",
    "acceptedDate": "2016-08-05 17:00:53",
    "calendarYear": "2016",
    "period": "Q4",
    "revenue": 919171000,
    "costOfRevenue": 337568000,
    "grossProfit": 581603000,
    "grossProfitRatio": 0.6327473343,
    "researchAndDevelopmentExpenses": 127454000,
    "generalAndAdministrativeExpenses": 103797000,
    "sellingAndMarketingExpenses": 0,
    "sellingGeneralAndAdministrativeExpenses": 103797000,
    "otherExpenses": -4559000,
    "operatingExpenses": 231251000,
    "costAndExpenses": 568819000,
    "interestIncome": 5483000,
    "interestExpense": 21865000,
    "depreciationAndAmortization": 14888000,
    "ebitda": 365540000,
    "ebitdaratio": 0.3973580542,
    "operatingIncome": 350352000,
    "operatingIncomeRatio": 0.3811608504,
    "totalOtherIncomeExpensesNet": -21865000,
    "incomeBeforeTax": 328487000,
    "incomeBeforeTaxRatio": 0.3573731112,
    "incomeTaxExpense": 56946000,
    "netIncome": 271541000,
    "netIncomeRatio": 0.2954194595,
    "eps": 1.74,
    "epsdiluted": 1.73,
    "weightedAverageShsOut": 155712000,
    "weightedAverageShsOutDil": 156618000,
    "link": "https://www.sec.gov/Archives/edgar/data/319201/000031920116000090/0000319201-16-000090-index.htm",
    "finalLink": "https://www.sec.gov/Archives/edgar/data/319201/000031920116000090/klac10k2016.htm"
  },
  {
    "date": "2016-03-31",
    "symbol": "KLAC",
    "reportedCurrency": "USD",
    "cik": "0000319201",
    "fillingDate": "2016-04-26",
    "acceptedDate": "2016-04-26 17:01:44",
    "calendarYear": "2016",
    "period": "Q3",
    "revenue": 712433000,
    "costOfRevenue": 274599000,
    "grossProfit": 437834000,
    "grossProfitRatio": 0.61456165,
    "researchAndDevelopmentExpenses": 115589000,
    "generalAndAdministrativeExpenses": 87407000,
    "sellingAndMarketingExpenses": 0,
    "sellingGeneralAndAdministrativeExpenses": 87407000,
    "otherExpenses": 5988000,
    "operatingExpenses": 202996000,
    "costAndExpenses": 477595000,
    "interestIncome": 0,
    "interestExpense": 30895000,
    "depreciationAndAmortization": 15780000,
    "ebitda": 250618000,
    "ebitdaratio": 0.3601826417,
    "operatingIncome": 234838000,
    "operatingIncomeRatio": 0.3296281896,
    "totalOtherIncomeExpensesNet": -24907000,
    "incomeBeforeTax": 209931000,
    "incomeBeforeTaxRatio": 0.2946677091,
    "incomeTaxExpense": 34154000,
    "netIncome": 175777000,
    "netIncomeRatio": 0.2467277625,
    "eps": 1.13,
    "epsdiluted": 1.12,
    "weightedAverageShsOut": 155690000,
    "weightedAverageShsOutDil": 156429000,
    "link": "https://www.sec.gov/Archives/edgar/data/319201/000031920116000077/0000319201-16-000077-index.htm",
    "finalLink": "https://www.sec.gov/Archives/edgar/data/319201/000031920116000077/klac10q33116.htm"
  },
  {
    "date": "2015-12-31",
    "symbol": "KLAC",
    "reportedCurrency": "USD",
    "cik": "0000319201",
    "fillingDate": "2016-01-28",
    "acceptedDate": "2016-01-28 17:29:44",
    "calendarYear": "2016",
    "period": "Q2",
    "revenue": 710245000,
    "costOfRevenue": 280980000,
    "grossProfit": 429265000,
    "grossProfitRatio": 0.6043900344,
    "researchAndDevelopmentExpenses": 118272000,
    "generalAndAdministrativeExpenses": 96532000,
    "sellingAndMarketingExpenses": 0,
    "sellingGeneralAndAdministrativeExpenses": 96532000,
    "otherExpenses": 1553000,
    "operatingExpenses": 214804000,
    "costAndExpenses": 495784000,
    "interestIncome": 0,
    "interestExpense": 30539000,
    "depreciationAndAmortization": 16529000,
    "ebitda": 232390000,
    "ebitdaratio": 0.3274123718,
    "operatingIncome": 214461000,
    "operatingIncomeRatio": 0.3019535512,
    "totalOtherIncomeExpensesNet": -28986000,
    "incomeBeforeTax": 185475000,
    "incomeBeforeTaxRatio": 0.2611422819,
    "incomeTaxExpense": 33268000,
    "netIncome": 152207000,
    "netIncomeRatio": 0.214302107,
    "eps": 0.98,
    "epsdiluted": 0.98,
    "weightedAverageShsOut": 155252000,
    "weightedAverageShsOutDil": 155996000,
    "link": "https://www.sec.gov/Archives/edgar/data/319201/000031920116000065/0000319201-16-000065-index.htm",
    "finalLink": "https://www.sec.gov/Archives/edgar/data/319201/000031920116000065/klac10q123115.htm"
  },
  {
    "date": "2015-09-30",
    "symbol": "KLAC",
    "reportedCurrency": "USD",
    "cik": "0000319201",
    "fillingDate": "2015-10-22",
    "acceptedDate": "2015-10-22 17:20:05",
    "calendarYear": "2016",
    "period": "Q1",
    "revenue": 642644000,
    "costOfRevenue": 270244000,
    "grossProfit": 372400000,
    "grossProfitRatio": 0.579481019,
    "researchAndDevelopmentExpenses": 119943000,
    "generalAndAdministrativeExpenses": 91663000,
    "sellingAndMarketingExpenses": 0,
    "sellingGeneralAndAdministrativeExpenses": 91663000,
    "otherExpenses": 4069000,
    "operatingExpenses": 211606000,
    "costAndExpenses": 481850000,
    "interestIncome": 0,
    "interestExpense": 26495000,
    "depreciationAndAmortization": 19735000,
    "ebitda": 187629000,
    "ebitdaratio": 0.2809160282,
    "operatingIncome": 160794000,
    "operatingIncomeRatio": 0.2502069575,
    "totalOtherIncomeExpensesNet": -26495000,
    "incomeBeforeTax": 134299000,
    "incomeBeforeTaxRatio": 0.2089788437,
    "incomeTaxExpense": 29402000,
    "netIncome": 104897000,
    "netIncomeRatio": 0.16322723,
    "eps": 0.67,
    "epsdiluted": 0.66,
    "weightedAverageShsOut": 156820000,
    "weightedAverageShsOutDil": 157984000,
    "link": "https://www.sec.gov/Archives/edgar/data/319201/000031920115000060/0000319201-15-000060-index.htm",
    "finalLink": "https://www.sec.gov/Archives/edgar/data/319201/000031920115000060/klac10q93015.htm"
  },
  {
    "date": "2015-06-30",
    "symbol": "KLAC",
    "reportedCurrency": "USD",
    "cik": "0000319201",
    "fillingDate": "2015-08-07",
    "acceptedDate": "2015-08-07 16:31:43",
    "calendarYear": "2015",
    "period": "Q4",
    "revenue": 756332000,
    "costOfRevenue": 323267000,
    "grossProfit": 433065000,
    "grossProfitRatio": 0.5725858485,
    "researchAndDevelopmentExpenses": 128839000,
    "generalAndAdministrativeExpenses": 101739000,
    "sellingAndMarketingExpenses": 0,
    "sellingGeneralAndAdministrativeExpenses": 101739000,
    "otherExpenses": 0,
    "operatingExpenses": 230578000,
    "costAndExpenses": 553845000,
    "interestIncome": 5206000,
    "interestExpense": 27549000,
    "depreciationAndAmortization": 19966000,
    "ebitda": 258253000,
    "ebitdaratio": 0.2941208358,
    "operatingIncome": 202487000,
    "operatingIncomeRatio": 0.2677223759,
    "totalOtherIncomeExpensesNet": -27549000,
    "incomeBeforeTax": 174938000,
    "incomeBeforeTaxRatio": 0.2312978956,
    "incomeTaxExpense": 32919000,
    "netIncome": 142019000,
    "netIncomeRatio": 0.1877733588,
    "eps": 0.9,
    "epsdiluted": 0.89,
    "weightedAverageShsOut": 158635000,
    "weightedAverageShsOutDil": 159965000,
    "link": "https://www.sec.gov/Archives/edgar/data/319201/000031920115000053/0000319201-15-000053-index.htm",
    "finalLink": "https://www.sec.gov/Archives/edgar/data/319201/000031920115000053/klac10k2015.htm"
  },
  {
    "date": "2015-03-31",
    "symbol": "KLAC",
    "reportedCurrency": "USD",
    "cik": "0000319201",
    "fillingDate": "2015-04-24",
    "acceptedDate": "2015-04-23 18:05:32",
    "calendarYear": "2015",
    "period": "Q3",
    "revenue": 738459000,
    "costOfRevenue": 320282000,
    "grossProfit": 418177000,
    "grossProfitRatio": 0.5662833008,
    "researchAndDevelopmentExpenses": 124583000,
    "generalAndAdministrativeExpenses": 98608000,
    "sellingAndMarketingExpenses": 0,
    "sellingGeneralAndAdministrativeExpenses": 98608000,
    "otherExpenses": 0,
    "operatingExpenses": 223191000,
    "costAndExpenses": 543473000,
    "interestIncome": 1976000,
    "interestExpense": 28532000,
    "depreciationAndAmortization": 20510000,
    "ebitda": 215496000,
    "ebitdaratio": 0.2918185031,
    "operatingIncome": 194986000,
    "operatingIncomeRatio": 0.2640444493,
    "totalOtherIncomeExpensesNet": -28532000,
    "incomeBeforeTax": 166454000,
    "incomeBeforeTaxRatio": 0.2254072332,
    "incomeTaxExpense": 34816000,
    "netIncome": 131638000,
    "netIncomeRatio": 0.1782604044,
    "eps": 0.81,
    "epsdiluted": 0.81,
    "weightedAverageShsOut": 161559000,
    "weightedAverageShsOutDil": 162794000,
    "link": "https://www.sec.gov/Archives/edgar/data/319201/000031920115000029/0000319201-15-000029-index.htm",
    "finalLink": "https://www.sec.gov/Archives/edgar/data/319201/000031920115000029/klac10q33115.htm"
  },
  {
    "date": "2014-12-31",
    "symbol": "KLAC",
    "reportedCurrency": "USD",
    "cik": "0000319201",
    "fillingDate": "2015-01-23",
    "acceptedDate": "2015-01-22 18:05:05",
    "calendarYear": "2015",
    "period": "Q2",
    "revenue": 676357000,
    "costOfRevenue": 283213000,
    "grossProfit": 393144000,
    "grossProfitRatio": 0.5812669936,
    "researchAndDevelopmentExpenses": 133557000,
    "generalAndAdministrativeExpenses": 104873000,
    "sellingAndMarketingExpenses": 0,
    "sellingGeneralAndAdministrativeExpenses": 104873000,
    "otherExpenses": 0,
    "operatingExpenses": 238430000,
    "costAndExpenses": 521643000,
    "interestIncome": 1988000,
    "interestExpense": 29313000,
    "depreciationAndAmortization": 18901000,
    "ebitda": 176115000,
    "ebitdaratio": 0.2566913627,
    "operatingIncome": 154714000,
    "operatingIncomeRatio": 0.2287460616,
    "totalOtherIncomeExpensesNet": -160982000,
    "incomeBeforeTax": -6268000,
    "incomeBeforeTaxRatio": -0.0092672952,
    "incomeTaxExpense": -26536000,
    "netIncome": 20268000,
    "netIncomeRatio": 0.0299664231,
    "eps": 0.12,
    "epsdiluted": 0.12,
    "weightedAverageShsOut": 164036000,
    "weightedAverageShsOutDil": 165317000,
    "link": "https://www.sec.gov/Archives/edgar/data/319201/000031920115000013/0000319201-15-000013-index.htm",
    "finalLink": "https://www.sec.gov/Archives/edgar/data/319201/000031920115000013/klac10q123114.htm"
  },
  {
    "date": "2014-09-30",
    "symbol": "KLAC",
    "reportedCurrency": "USD",
    "cik": "0000319201",
    "fillingDate": "2014-10-24",
    "acceptedDate": "2014-10-23 20:39:15",
    "calendarYear": "2015",
    "period": "Q1",
    "revenue": 642901000,
    "costOfRevenue": 288467000,
    "grossProfit": 354434000,
    "grossProfitRatio": 0.5513041666,
    "researchAndDevelopmentExpenses": 143637000,
    "generalAndAdministrativeExpenses": 101644000,
    "sellingAndMarketingExpenses": 0,
    "sellingGeneralAndAdministrativeExpenses": 101644000,
    "otherExpenses": 0,
    "operatingExpenses": 245281000,
    "costAndExpenses": 533748000,
    "interestIncome": 0,
    "interestExpense": 10146000,
    "depreciationAndAmortization": 21159000,
    "ebitda": 130312000,
    "ebitdaratio": 0.2026937273,
    "operatingIncome": 109153000,
    "operatingIncomeRatio": 0.1697819727,
    "totalOtherIncomeExpensesNet": -10146000,
    "incomeBeforeTax": 99007000,
    "incomeBeforeTaxRatio": 0.1540003826,
    "incomeTaxExpense": 26774000,
    "netIncome": 72233000,
    "netIncomeRatio": 0.1123547794,
    "eps": 0.44,
    "epsdiluted": 0.43,
    "weightedAverageShsOut": 164845000,
    "weightedAverageShsOutDil": 166580000,
    "link": "https://www.sec.gov/Archives/edgar/data/319201/000031920114000051/0000319201-14-000051-index.htm",
    "finalLink": "https://www.sec.gov/Archives/edgar/data/319201/000031920114000051/klac10q93014.htm"
  },
  {
    "date": "2014-06-30",
    "symbol": "KLAC",
    "reportedCurrency": "USD",
    "cik": "0000319201",
    "fillingDate": "2014-08-08",
    "acceptedDate": "2014-08-08 16:20:32",
    "calendarYear": "2014",
    "period": "Q4",
    "revenue": 734343000,
    "costOfRevenue": 326665000,
    "grossProfit": 407678000,
    "grossProfitRatio": 0.5551601908,
    "researchAndDevelopmentExpenses": 138448000,
    "generalAndAdministrativeExpenses": 96216000,
    "sellingAndMarketingExpenses": 0,
    "sellingGeneralAndAdministrativeExpenses": 96216000,
    "otherExpenses": 0,
    "operatingExpenses": 234664000,
    "costAndExpenses": 561329000,
    "interestIncome": 13555000,
    "interestExpense": 6408000,
    "depreciationAndAmortization": 22010000,
    "ebitda": 191424000,
    "ebitdaratio": 0.2655761681,
    "operatingIncome": 173014000,
    "operatingIncomeRatio": 0.2356037982,
    "totalOtherIncomeExpensesNet": -6408000,
    "incomeBeforeTax": 166606000,
    "incomeBeforeTaxRatio": 0.2268776308,
    "incomeTaxExpense": 37875000,
    "netIncome": 128731000,
    "netIncomeRatio": 0.1753009152,
    "eps": 0.78,
    "epsdiluted": 0.77,
    "weightedAverageShsOut": 165510000,
    "weightedAverageShsOutDil": 167345000,
    "link": "https://www.sec.gov/Archives/edgar/data/319201/000031920114000038/0000319201-14-000038-index.htm",
    "finalLink": "https://www.sec.gov/Archives/edgar/data/319201/000031920114000038/klac10k2014.htm"
  },
  {
    "date": "2014-03-31",
    "symbol": "KLAC",
    "reportedCurrency": "USD",
    "cik": "0000319201",
    "fillingDate": "2014-04-25",
    "acceptedDate": "2014-04-24 19:15:12",
    "calendarYear": "2014",
    "period": "Q3",
    "revenue": 831599000,
    "costOfRevenue": 342826000,
    "grossProfit": 488773000,
    "grossProfitRatio": 0.587750827,
    "researchAndDevelopmentExpenses": 134161000,
    "generalAndAdministrativeExpenses": 93449000,
    "sellingAndMarketingExpenses": 0,
    "sellingGeneralAndAdministrativeExpenses": 93449000,
    "otherExpenses": 0,
    "operatingExpenses": 227610000,
    "costAndExpenses": 570436000,
    "interestIncome": 0,
    "interestExpense": 9917000,
    "depreciationAndAmortization": 20614000,
    "ebitda": 281777000,
    "ebitdaratio": 0.3388375888,
    "operatingIncome": 261163000,
    "operatingIncomeRatio": 0.3140491992,
    "totalOtherIncomeExpensesNet": -9917000,
    "incomeBeforeTax": 251246000,
    "incomeBeforeTaxRatio": 0.3021239804,
    "incomeTaxExpense": 47665000,
    "netIncome": 203581000,
    "netIncomeRatio": 0.2448066917,
    "eps": 1.22,
    "epsdiluted": 1.21,
    "weightedAverageShsOut": 166253000,
    "weightedAverageShsOutDil": 167989000,
    "link": "https://www.sec.gov/Archives/edgar/data/319201/000031920114000015/0000319201-14-000015-index.htm",
    "finalLink": "https://www.sec.gov/Archives/edgar/data/319201/000031920114000015/klac10q33114.htm"
  },
  {
    "date": "2013-12-31",
    "symbol": "KLAC",
    "reportedCurrency": "USD",
    "cik": "0000319201",
    "fillingDate": "2014-01-24",
    "acceptedDate": "2014-01-23 18:46:36",
    "calendarYear": "2014",
    "period": "Q2",
    "revenue": 705129000,
    "costOfRevenue": 285814000,
    "grossProfit": 419315000,
    "grossProfitRatio": 0.5946642387,
    "researchAndDevelopmentExpenses": 134587000,
    "generalAndAdministrativeExpenses": 96746000,
    "sellingAndMarketingExpenses": 0,
    "sellingGeneralAndAdministrativeExpenses": 96746000,
    "otherExpenses": 0,
    "operatingExpenses": 231333000,
    "costAndExpenses": 517147000,
    "interestIncome": 0,
    "interestExpense": 11237000,
    "depreciationAndAmortization": 19811000,
    "ebitda": 206693000,
    "ebitdaratio": 0.2946879224,
    "operatingIncome": 187982000,
    "operatingIncomeRatio": 0.266592354,
    "totalOtherIncomeExpensesNet": -11237000,
    "incomeBeforeTax": 176745000,
    "incomeBeforeTaxRatio": 0.2506562629,
    "incomeTaxExpense": 37499000,
    "netIncome": 139246000,
    "netIncomeRatio": 0.1974759228,
    "eps": 0.84,
    "epsdiluted": 0.83,
    "weightedAverageShsOut": 166414000,
    "weightedAverageShsOutDil": 168206000,
    "link": "https://www.sec.gov/Archives/edgar/data/319201/000031920114000007/0000319201-14-000007-index.htm",
    "finalLink": "https://www.sec.gov/Archives/edgar/data/319201/000031920114000007/klac10q123113.htm"
  },
  {
    "date": "2013-09-30",
    "symbol": "KLAC",
    "reportedCurrency": "USD",
    "cik": "0000319201",
    "fillingDate": "2013-10-25",
    "acceptedDate": "2013-10-24 18:17:39",
    "calendarYear": "2014",
    "period": "Q1",
    "revenue": 658337000,
    "costOfRevenue": 277657000,
    "grossProfit": 380680000,
    "grossProfitRatio": 0.5782448807,
    "researchAndDevelopmentExpenses": 132273000,
    "generalAndAdministrativeExpenses": 98496000,
    "sellingAndMarketingExpenses": 0,
    "sellingGeneralAndAdministrativeExpenses": 98496000,
    "otherExpenses": 0,
    "operatingExpenses": 230769000,
    "costAndExpenses": 508426000,
    "interestIncome": 0,
    "interestExpense": 10047000,
    "depreciationAndAmortization": 20637000,
    "ebitda": 170548000,
    "ebitdaratio": 0.2590588103,
    "operatingIncome": 149911000,
    "operatingIncomeRatio": 0.2277116431,
    "totalOtherIncomeExpensesNet": -10047000,
    "incomeBeforeTax": 139864000,
    "incomeBeforeTaxRatio": 0.2124504623,
    "incomeTaxExpense": 28667000,
    "netIncome": 111197000,
    "netIncomeRatio": 0.1689058947,
    "eps": 0.67,
    "epsdiluted": 0.66,
    "weightedAverageShsOut": 165886000,
    "weightedAverageShsOutDil": 168734000,
    "link": "https://www.sec.gov/Archives/edgar/data/319201/000031920113000040/0000319201-13-000040-index.htm",
    "finalLink": "https://www.sec.gov/Archives/edgar/data/319201/000031920113000040/klac10q93013.htm"
  },
  {
    "date": "2013-06-30",
    "symbol": "KLAC",
    "reportedCurrency": "USD",
    "cik": "0000319201",
    "fillingDate": "2013-08-08",
    "acceptedDate": "2013-08-08 16:10:34",
    "calendarYear": "2013",
    "period": "Q4",
    "revenue": 720032000,
    "costOfRevenue": 306804000,
    "grossProfit": 413228000,
    "grossProfitRatio": 0.573902271,
    "researchAndDevelopmentExpenses": 127694000,
    "generalAndAdministrativeExpenses": 97899000,
    "sellingAndMarketingExpenses": 0,
    "sellingGeneralAndAdministrativeExpenses": 97899000,
    "otherExpenses": 0,
    "operatingExpenses": 225593000,
    "costAndExpenses": 532397000,
    "interestIncome": 1203000,
    "interestExpense": 10545000,
    "depreciationAndAmortization": 20425000,
    "ebitda": 211288000,
    "ebitdaratio": 0.2889593796,
    "operatingIncome": 187635000,
    "operatingIncomeRatio": 0.2605925848,
    "totalOtherIncomeExpensesNet": -10545000,
    "incomeBeforeTax": 177090000,
    "incomeBeforeTaxRatio": 0.2459474023,
    "incomeTaxExpense": 42320000,
    "netIncome": 134770000,
    "netIncomeRatio": 0.1871722368,
    "eps": 0.81,
    "epsdiluted": 0.8,
    "weightedAverageShsOut": 165463000,
    "weightedAverageShsOutDil": 168685000,
    "link": "https://www.sec.gov/Archives/edgar/data/319201/000031920113000033/0000319201-13-000033-index.htm",
    "finalLink": "https://www.sec.gov/Archives/edgar/data/319201/000031920113000033/klac10k2013.htm"
  },
  {
    "date": "2013-03-31",
    "symbol": "KLAC",
    "reportedCurrency": "USD",
    "cik": "0000319201",
    "fillingDate": "2013-04-26",
    "acceptedDate": "2013-04-25 18:04:49",
    "calendarYear": "2013",
    "period": "Q3",
    "revenue": 729029000,
    "costOfRevenue": 309508000,
    "grossProfit": 419521000,
    "grossProfitRatio": 0.575451731,
    "researchAndDevelopmentExpenses": 118788000,
    "generalAndAdministrativeExpenses": 98487000,
    "sellingAndMarketingExpenses": 0,
    "sellingGeneralAndAdministrativeExpenses": 98487000,
    "otherExpenses": 0,
    "operatingExpenses": 217275000,
    "costAndExpenses": 526783000,
    "interestIncome": 3338000,
    "interestExpense": 10131000,
    "depreciationAndAmortization": 21168000,
    "ebitda": 226752000,
    "ebitdaratio": 0.3064542014,
    "operatingIncome": 202246000,
    "operatingIncomeRatio": 0.2774183194,
    "totalOtherIncomeExpensesNet": -10131000,
    "incomeBeforeTax": 192115000,
    "incomeBeforeTaxRatio": 0.2635217529,
    "incomeTaxExpense": 25733000,
    "netIncome": 166382000,
    "netIncomeRatio": 0.2282241173,
    "eps": 1,
    "epsdiluted": 0.98,
    "weightedAverageShsOut": 166234000,
    "weightedAverageShsOutDil": 169180000,
    "link": "https://www.sec.gov/Archives/edgar/data/319201/000031920113000016/0000319201-13-000016-index.htm",
    "finalLink": "https://www.sec.gov/Archives/edgar/data/319201/000031920113000016/klac10q33113.htm"
  },
  {
    "date": "2012-12-31",
    "symbol": "KLAC",
    "reportedCurrency": "USD",
    "cik": "0000319201",
    "fillingDate": "2013-01-25",
    "acceptedDate": "2013-01-24 18:21:34",
    "calendarYear": "2013",
    "period": "Q2",
    "revenue": 673011000,
    "costOfRevenue": 303915000,
    "grossProfit": 369096000,
    "grossProfitRatio": 0.5484249143,
    "researchAndDevelopmentExpenses": 121608000,
    "generalAndAdministrativeExpenses": 94241000,
    "sellingAndMarketingExpenses": 0,
    "sellingGeneralAndAdministrativeExpenses": 94241000,
    "otherExpenses": 0,
    "operatingExpenses": 215849000,
    "costAndExpenses": 519764000,
    "interestIncome": 5058000,
    "interestExpense": 8373000,
    "depreciationAndAmortization": 21925000,
    "ebitda": 180230000,
    "ebitdaratio": 0.2602810355,
    "operatingIncome": 153247000,
    "operatingIncomeRatio": 0.2277035591,
    "totalOtherIncomeExpensesNet": -8373000,
    "incomeBeforeTax": 144874000,
    "incomeBeforeTaxRatio": 0.2152624548,
    "incomeTaxExpense": 38244000,
    "netIncome": 106630000,
    "netIncomeRatio": 0.1584372321,
    "eps": 0.64,
    "epsdiluted": 0.63,
    "weightedAverageShsOut": 166268000,
    "weightedAverageShsOutDil": 169076000,
    "link": "https://www.sec.gov/Archives/edgar/data/319201/000031920113000007/0000319201-13-000007-index.htm",
    "finalLink": "https://www.sec.gov/Archives/edgar/data/319201/000031920113000007/klac10q123112.htm"
  },
  {
    "date": "2012-09-30",
    "symbol": "KLAC",
    "reportedCurrency": "USD",
    "cik": "0000319201",
    "fillingDate": "2012-10-26",
    "acceptedDate": "2012-10-25 18:20:04",
    "calendarYear": "2013",
    "period": "Q1",
    "revenue": 720709000,
    "costOfRevenue": 317225000,
    "grossProfit": 403484000,
    "grossProfitRatio": 0.5598431544,
    "researchAndDevelopmentExpenses": 119742000,
    "generalAndAdministrativeExpenses": 97185000,
    "sellingAndMarketingExpenses": 0,
    "sellingGeneralAndAdministrativeExpenses": 97185000,
    "otherExpenses": 0,
    "operatingExpenses": 216927000,
    "costAndExpenses": 534152000,
    "interestIncome": 3488000,
    "interestExpense": 10015000,
    "depreciationAndAmortization": 24016000,
    "ebitda": 214061000,
    "ebitdaratio": 0.292174789,
    "operatingIncome": 186557000,
    "operatingIncomeRatio": 0.2588520471,
    "totalOtherIncomeExpensesNet": -10015000,
    "incomeBeforeTax": 176542000,
    "incomeBeforeTaxRatio": 0.2449560086,
    "incomeTaxExpense": 41175000,
    "netIncome": 135367000,
    "netIncomeRatio": 0.187824767,
    "eps": 0.81,
    "epsdiluted": 0.8,
    "weightedAverageShsOut": 166531000,
    "weightedAverageShsOutDil": 169824000,
    "link": "https://www.sec.gov/Archives/edgar/data/319201/000031920112000011/0000319201-12-000011-index.htm",
    "finalLink": "https://www.sec.gov/Archives/edgar/data/319201/000031920112000011/klac10q093012.htm"
  },
  {
    "date": "2012-06-30",
    "symbol": "KLAC",
    "reportedCurrency": "USD",
    "cik": "0000319201",
    "fillingDate": "2012-08-06",
    "acceptedDate": "2012-08-06 17:18:59",
    "calendarYear": "2012",
    "period": "Q4",
    "revenue": 892465000,
    "costOfRevenue": 361663000,
    "grossProfit": 530802000,
    "grossProfitRatio": 0.5947594584,
    "researchAndDevelopmentExpenses": 118710000,
    "generalAndAdministrativeExpenses": 93793000,
    "sellingAndMarketingExpenses": 0,
    "sellingGeneralAndAdministrativeExpenses": 93793000,
    "otherExpenses": 0,
    "operatingExpenses": 212503000,
    "costAndExpenses": 574166000,
    "interestIncome": 4451000,
    "interestExpense": 12407000,
    "depreciationAndAmortization": 23282000,
    "ebitda": 250544000,
    "ebitdaratio": 0.3827388189,
    "operatingIncome": 318299000,
    "operatingIncomeRatio": 0.3566515213,
    "totalOtherIncomeExpensesNet": -12407000,
    "incomeBeforeTax": 305892000,
    "incomeBeforeTaxRatio": 0.3427495756,
    "incomeTaxExpense": 58015000,
    "netIncome": 247877000,
    "netIncomeRatio": 0.2777442253,
    "eps": 1.48,
    "epsdiluted": 1.46,
    "weightedAverageShsOut": 166938000,
    "weightedAverageShsOutDil": 170178000,
    "link": "https://www.sec.gov/Archives/edgar/data/319201/000031920112000008/0000319201-12-000008-index.htm",
    "finalLink": "https://www.sec.gov/Archives/edgar/data/319201/000031920112000008/klac10k2012.htm"
  },
  {
    "date": "2012-03-31",
    "symbol": "KLAC",
    "reportedCurrency": "USD",
    "cik": "0000319201",
    "fillingDate": "2012-04-27",
    "acceptedDate": "2012-04-26 18:51:03",
    "calendarYear": "2012",
    "period": "Q3",
    "revenue": 840521000,
    "costOfRevenue": 355149000,
    "grossProfit": 485372000,
    "grossProfitRatio": 0.5774656433,
    "researchAndDevelopmentExpenses": 110102000,
    "generalAndAdministrativeExpenses": 90996000,
    "sellingAndMarketingExpenses": 0,
    "sellingGeneralAndAdministrativeExpenses": 90996000,
    "otherExpenses": 0,
    "operatingExpenses": 201098000,
    "costAndExpenses": 556247000,
    "interestIncome": 3264000,
    "interestExpense": 13505000,
    "depreciationAndAmortization": 22400000,
    "ebitda": 309938000,
    "ebitdaratio": 0.3382116568,
    "operatingIncome": 284274000,
    "operatingIncomeRatio": 0.3382116568,
    "totalOtherIncomeExpensesNet": -10241000,
    "incomeBeforeTax": 274033000,
    "incomeBeforeTaxRatio": 0.3260275472,
    "incomeTaxExpense": 68687000,
    "netIncome": 205346000,
    "netIncomeRatio": 0.2443079947,
    "eps": 1.23,
    "epsdiluted": 1.21,
    "weightedAverageShsOut": 167070000,
    "weightedAverageShsOutDil": 170146000,
    "link": "https://www.sec.gov/Archives/edgar/data/319201/000031920112000006/0000319201-12-000006-index.htm",
    "finalLink": "https://www.sec.gov/Archives/edgar/data/319201/000031920112000006/klac10q033112.htm"
  },
  {
    "date": "2011-12-31",
    "symbol": "KLAC",
    "reportedCurrency": "USD",
    "cik": "0000319201",
    "fillingDate": "2012-01-27",
    "acceptedDate": "2012-01-26 18:18:10",
    "calendarYear": "2012",
    "period": "Q2",
    "revenue": 642482000,
    "costOfRevenue": 272855000,
    "grossProfit": 369627000,
    "grossProfitRatio": 0.5753110593,
    "researchAndDevelopmentExpenses": 116363000,
    "generalAndAdministrativeExpenses": 93801000,
    "sellingAndMarketingExpenses": 0,
    "sellingGeneralAndAdministrativeExpenses": 93801000,
    "otherExpenses": 0,
    "operatingExpenses": 210164000,
    "costAndExpenses": 483019000,
    "interestIncome": 740000,
    "interestExpense": 13296000,
    "depreciationAndAmortization": 23267000,
    "ebitda": 183470000,
    "ebitdaratio": 0.2481983931,
    "operatingIncome": 159463000,
    "operatingIncomeRatio": 0.2481983931,
    "totalOtherIncomeExpensesNet": -12556000,
    "incomeBeforeTax": 146907000,
    "incomeBeforeTaxRatio": 0.2286554331,
    "incomeTaxExpense": 36110000,
    "netIncome": 110797000,
    "netIncomeRatio": 0.1724515239,
    "eps": 0.67,
    "epsdiluted": 0.66,
    "weightedAverageShsOut": 166343000,
    "weightedAverageShsOutDil": 169103000,
    "link": "https://www.sec.gov/Archives/edgar/data/319201/000031920112000003/0000319201-12-000003-index.htm",
    "finalLink": "https://www.sec.gov/Archives/edgar/data/319201/000031920112000003/klac10q123111.htm"
  },
  {
    "date": "2011-09-30",
    "symbol": "KLAC",
    "reportedCurrency": "USD",
    "cik": "0000319201",
    "fillingDate": "2011-10-28",
    "acceptedDate": "2011-10-27 18:09:45",
    "calendarYear": "2012",
    "period": "Q1",
    "revenue": 796476000,
    "costOfRevenue": 340349000,
    "grossProfit": 456127000,
    "grossProfitRatio": 0.5726814116,
    "researchAndDevelopmentExpenses": 107762000,
    "generalAndAdministrativeExpenses": 94076000,
    "sellingAndMarketingExpenses": 0,
    "sellingGeneralAndAdministrativeExpenses": 94076000,
    "otherExpenses": 0,
    "operatingExpenses": 201838000,
    "costAndExpenses": 542187000,
    "interestIncome": 6866000,
    "interestExpense": 13893000,
    "depreciationAndAmortization": 23184000,
    "ebitda": 284339000,
    "ebitdaratio": 0.3483758456,
    "operatingIncome": 254289000,
    "operatingIncomeRatio": 0.3192676239,
    "totalOtherIncomeExpensesNet": -7027000,
    "incomeBeforeTax": 247262000,
    "incomeBeforeTaxRatio": 0.3104450103,
    "incomeTaxExpense": 55267000,
    "netIncome": 191995000,
    "netIncomeRatio": 0.2410555999,
    "eps": 1.15,
    "epsdiluted": 1.13,
    "weightedAverageShsOut": 166684000,
    "weightedAverageShsOutDil": 169835000,
    "link": "https://www.sec.gov/Archives/edgar/data/319201/000031920111000006/0000319201-11-000006-index.htm",
    "finalLink": "https://www.sec.gov/Archives/edgar/data/319201/000031920111000006/klac10q093011.htm"
  },
  {
    "date": "2011-06-30",
    "symbol": "KLAC",
    "reportedCurrency": "USD",
    "cik": "0000319201",
    "fillingDate": "2011-08-05",
    "acceptedDate": "2011-08-05 17:09:55",
    "calendarYear": "2011",
    "period": "Q4",
    "revenue": 892439000,
    "costOfRevenue": 356180000,
    "grossProfit": 536259000,
    "grossProfitRatio": 0.6008914895,
    "researchAndDevelopmentExpenses": 100929000,
    "generalAndAdministrativeExpenses": 91261000,
    "sellingAndMarketingExpenses": 0,
    "sellingGeneralAndAdministrativeExpenses": 91261000,
    "otherExpenses": 0,
    "operatingExpenses": 192190000,
    "costAndExpenses": 548370000,
    "interestIncome": 15320000,
    "interestExpense": 13897000,
    "depreciationAndAmortization": 22533000,
    "ebitda": 370473000,
    "ebitdaratio": 0.3855378351,
    "operatingIncome": 344069000,
    "operatingIncomeRatio": 0.3855378351,
    "totalOtherIncomeExpensesNet": -10026000,
    "incomeBeforeTax": 334043000,
    "incomeBeforeTaxRatio": 0.3743034538,
    "incomeTaxExpense": 89026000,
    "netIncome": 245017000,
    "netIncomeRatio": 0.2745476161,
    "eps": 1.46,
    "epsdiluted": 1.43,
    "weightedAverageShsOut": 167350000,
    "weightedAverageShsOutDil": 170884000,
    "link": "https://www.sec.gov/Archives/edgar/data/319201/000144530511002394/0001445305-11-002394-index.htm",
    "finalLink": "https://www.sec.gov/Archives/edgar/data/319201/000144530511002394/klac10k2011.htm"
  },
  {
    "date": "2011-03-31",
    "symbol": "KLAC",
    "reportedCurrency": "USD",
    "cik": "0000319201",
    "fillingDate": "2011-04-29",
    "acceptedDate": "2011-04-28 20:27:38",
    "calendarYear": "2011",
    "period": "Q3",
    "revenue": 834059000,
    "costOfRevenue": 327696000,
    "grossProfit": 506363000,
    "grossProfitRatio": 0.6071069313,
    "researchAndDevelopmentExpenses": 95617000,
    "generalAndAdministrativeExpenses": 98967000,
    "sellingAndMarketingExpenses": 0,
    "sellingGeneralAndAdministrativeExpenses": 98967000,
    "otherExpenses": 0,
    "operatingExpenses": 194584000,
    "costAndExpenses": 522280000,
    "interestIncome": 3150000,
    "interestExpense": 13409000,
    "depreciationAndAmortization": 21075000,
    "ebitda": 336004000,
    "ebitdaratio": 0.3738092869,
    "operatingIncome": 311779000,
    "operatingIncomeRatio": 0.3738092869,
    "totalOtherIncomeExpensesNet": -10259000,
    "incomeBeforeTax": 301520000,
    "incomeBeforeTaxRatio": 0.3615091978,
    "incomeTaxExpense": 91737000,
    "netIncome": 209783000,
    "netIncomeRatio": 0.2515205759,
    "eps": 1.25,
    "epsdiluted": 1.22,
    "weightedAverageShsOut": 167629000,
    "weightedAverageShsOutDil": 171313000,
    "link": "https://www.sec.gov/Archives/edgar/data/319201/000144530511000754/0001445305-11-000754-index.htm",
    "finalLink": "https://www.sec.gov/Archives/edgar/data/319201/000144530511000754/klac10q33111.htm"
  },
  {
    "date": "2010-12-31",
    "symbol": "KLAC",
    "reportedCurrency": "USD",
    "cik": "0000319201",
    "fillingDate": "2011-01-28",
    "acceptedDate": "2011-01-27 21:20:16",
    "calendarYear": "2011",
    "period": "Q2",
    "revenue": 766327000,
    "costOfRevenue": 311398000,
    "grossProfit": 454929000,
    "grossProfitRatio": 0.5936486643,
    "researchAndDevelopmentExpenses": 94897000,
    "generalAndAdministrativeExpenses": 91166000,
    "sellingAndMarketingExpenses": 0,
    "sellingGeneralAndAdministrativeExpenses": 91166000,
    "otherExpenses": 0,
    "operatingExpenses": 186063000,
    "costAndExpenses": 497461000,
    "interestIncome": 17675000,
    "interestExpense": 17675000,
    "depreciationAndAmortization": 21653000,
    "ebitda": 286337000,
    "ebitdaratio": 0.3508502245,
    "operatingIncome": 268866000,
    "operatingIncomeRatio": 0.3508502245,
    "totalOtherIncomeExpensesNet": -17675000,
    "incomeBeforeTax": 251191000,
    "incomeBeforeTaxRatio": 0.3277856581,
    "incomeTaxExpense": 65699000,
    "netIncome": 185492000,
    "netIncomeRatio": 0.2420533271,
    "eps": 1.11,
    "epsdiluted": 1.09,
    "weightedAverageShsOut": 166886000,
    "weightedAverageShsOutDil": 169513000,
    "link": "https://www.sec.gov/Archives/edgar/data/319201/000119312511016303/0001193125-11-016303-index.htm",
    "finalLink": "https://www.sec.gov/Archives/edgar/data/319201/000119312511016303/d10q.htm"
  },
  {
    "date": "2010-09-30",
    "symbol": "KLAC",
    "reportedCurrency": "USD",
    "cik": "0000319201",
    "fillingDate": "2010-11-24",
    "acceptedDate": "2010-11-23 17:51:11",
    "calendarYear": "2011",
    "period": "Q1",
    "revenue": 682342000,
    "costOfRevenue": 263969000,
    "grossProfit": 418373000,
    "grossProfitRatio": 0.6131426763,
    "researchAndDevelopmentExpenses": 94720000,
    "generalAndAdministrativeExpenses": 88037000,
    "sellingAndMarketingExpenses": 0,
    "sellingGeneralAndAdministrativeExpenses": 88037000,
    "otherExpenses": 0,
    "operatingExpenses": 182757000,
    "costAndExpenses": 446726000,
    "interestIncome": 1225000,
    "interestExpense": 13529000,
    "depreciationAndAmortization": 20783000,
    "ebitda": 257624000,
    "ebitdaratio": 0.3757631803,
    "operatingIncome": 235616000,
    "operatingIncomeRatio": 0.3453048471,
    "totalOtherIncomeExpensesNet": -12304000,
    "incomeBeforeTax": 223312000,
    "incomeBeforeTaxRatio": 0.3272728339,
    "incomeTaxExpense": 69116000,
    "netIncome": 154196000,
    "netIncomeRatio": 0.22598052,
    "eps": 0.92,
    "epsdiluted": 0.91,
    "weightedAverageShsOut": 167187000,
    "weightedAverageShsOutDil": 169839000,
    "link": "https://www.sec.gov/Archives/edgar/data/319201/000119312510267778/0001193125-10-267778-index.htm",
    "finalLink": "https://www.sec.gov/Archives/edgar/data/319201/000119312510267778/d10qa.htm"
  },
  {
    "date": "2010-06-30",
    "symbol": "KLAC",
    "reportedCurrency": "USD",
    "cik": "0000319201",
    "fillingDate": "2010-08-06",
    "acceptedDate": "2010-08-05 19:25:05",
    "calendarYear": "2010",
    "period": "Q4",
    "revenue": 559419000,
    "costOfRevenue": 227919000,
    "grossProfit": 331500000,
    "grossProfitRatio": 0.5925790865,
    "researchAndDevelopmentExpenses": 83309000,
    "generalAndAdministrativeExpenses": 87349000,
    "sellingAndMarketingExpenses": 0,
    "sellingGeneralAndAdministrativeExpenses": 87349000,
    "otherExpenses": 0,
    "operatingExpenses": 170658000,
    "costAndExpenses": 398577000,
    "interestIncome": -11334000,
    "interestExpense": 13426000,
    "depreciationAndAmortization": 19554000,
    "ebitda": 95734000,
    "ebitdaratio": 0.3022099714,
    "operatingIncome": 160842000,
    "operatingIncomeRatio": 0.2875161552,
    "totalOtherIncomeExpensesNet": -10740000,
    "incomeBeforeTax": 150102000,
    "incomeBeforeTaxRatio": 0.2683176653,
    "incomeTaxExpense": 37017000,
    "netIncome": 113085000,
    "netIncomeRatio": 0.2021472277,
    "eps": 0.68,
    "epsdiluted": 0.68,
    "weightedAverageShsOut": 167187000,
    "weightedAverageShsOutDil": 167187000,
    "link": "https://www.sec.gov/Archives/edgar/data/319201/000119312510179757/0001193125-10-179757-index.htm",
    "finalLink": "https://www.sec.gov/Archives/edgar/data/319201/000119312510179757/d10k.htm"
  },
  {
    "date": "2010-03-31",
    "symbol": "KLAC",
    "reportedCurrency": "USD",
    "cik": "0000319201",
    "fillingDate": "2010-04-30",
    "acceptedDate": "2010-04-29 18:44:11",
    "calendarYear": "2010",
    "period": "Q3",
    "revenue": 478299000,
    "costOfRevenue": 208565000,
    "grossProfit": 269734000,
    "grossProfitRatio": 0.563944311,
    "researchAndDevelopmentExpenses": 84741000,
    "generalAndAdministrativeExpenses": 93714000,
    "sellingAndMarketingExpenses": 0,
    "sellingGeneralAndAdministrativeExpenses": 93714000,
    "otherExpenses": 0,
    "operatingExpenses": 178455000,
    "costAndExpenses": 387020000,
    "interestIncome": 3084000,
    "interestExpense": 14092000,
    "depreciationAndAmortization": 21420000,
    "ebitda": 115783000,
    "ebitdaratio": 0.1908408757,
    "operatingIncome": 91279000,
    "operatingIncomeRatio": 0.1908408757,
    "totalOtherIncomeExpensesNet": -11008000,
    "incomeBeforeTax": 80271000,
    "incomeBeforeTaxRatio": 0.1678259833,
    "incomeTaxExpense": 23255000,
    "netIncome": 57016000,
    "netIncomeRatio": 0.1192057688,
    "eps": 0.33,
    "epsdiluted": 0.33,
    "weightedAverageShsOut": 171506000,
    "weightedAverageShsOutDil": 173357000,
    "link": "https://www.sec.gov/Archives/edgar/data/319201/000119312510099767/0001193125-10-099767-index.htm",
    "finalLink": "https://www.sec.gov/Archives/edgar/data/319201/000119312510099767/d10q.htm"
  },
  {
    "date": "2009-12-31",
    "symbol": "KLAC",
    "reportedCurrency": "USD",
    "cik": "0000319201",
    "fillingDate": "2010-01-29",
    "acceptedDate": "2010-01-28 19:21:11",
    "calendarYear": "2010",
    "period": "Q2",
    "revenue": 440355000,
    "costOfRevenue": 207286000,
    "grossProfit": 233069000,
    "grossProfitRatio": 0.5292752438,
    "researchAndDevelopmentExpenses": 83301000,
    "generalAndAdministrativeExpenses": 102673000,
    "sellingAndMarketingExpenses": 0,
    "sellingGeneralAndAdministrativeExpenses": 102673000,
    "otherExpenses": 0,
    "operatingExpenses": 185974000,
    "costAndExpenses": 393260000,
    "interestIncome": 4463000,
    "interestExpense": 13542000,
    "depreciationAndAmortization": 23240000,
    "ebitda": 74798000,
    "ebitdaratio": 0.159723405,
    "operatingIncome": 47095000,
    "operatingIncomeRatio": 0.1069478035,
    "totalOtherIncomeExpensesNet": -9079000,
    "incomeBeforeTax": 38016000,
    "incomeBeforeTaxRatio": 0.0863303471,
    "incomeTaxExpense": 16222000,
    "netIncome": 21794000,
    "netIncomeRatio": 0.0494918872,
    "eps": 0.13,
    "epsdiluted": 0.13,
    "weightedAverageShsOut": 171408000,
    "weightedAverageShsOutDil": 173808000,
    "link": "https://www.sec.gov/Archives/edgar/data/319201/000119312510015997/0001193125-10-015997-index.htm",
    "finalLink": "https://www.sec.gov/Archives/edgar/data/319201/000119312510015997/d10q.htm"
  }
]